2359 3567
426 84 483 127 nra.
507 86 555 126 ru.
578 86 641 133 eur.
665 86 685 124 ι.
885 67 938 128 151

137 173 209 213 cum
231 142 387 213 honestate
408 172 551 232 pugnare.
575 149 622 211 Do
654 171 716 230 qno
739 148 873 215 atterum,
888 162 986 248 potest

137 234 252 298 babere
273 233 516 310 dubitationem,
539 230 745 295 adhibendum
767 254 806 294 ne
822 233 913 316 suerit
929 235 986 296 boe

126 338 255 402 ‘gerim
278 318 361 404 quod
383 319 414 380 iu
447 317 592 379 divisione
614 314 751 380 Panaetii
774 319 893 379 tertium
916 331 985 393 est,

134 426 176 464 an
187 403 277 486 piane
286 403 494 466 omittendum:
511 398 641 465 alterum
657 401 789 465 dubitari
803 425 863 485 non
876 415 984 487 potest,

141 488 216 571 quin
239 513 256 550 a
279 489 441 555 Panaetio,
454 498 627 569 auo—aptum
648 486 695 563 sit,
719 484 771 547 sed
793 484 994 563 ”relictum¹

139 572 215 635 llam
238 573 292 656 qui
315 597 332 634 e
355 572 500 634 divisione
529 570 677 656 tripartita
709 570 784 645 duas
805 585 908 654 partes
929 571 985 645 ab·
1063 628 1067 633 .

140 657 289 734 soluerit,
312 659 383 720 huic
405 678 524 718 necesse
545 667 590 716 cst
613 669 722 717 restare
737 656 866 719 tertiam.
888 657 982 719 Prae·

142 755 223 805 terea
259 744 290 804 in
325 755 460 805 extremo
489 739 568 801 libro
602 740 689 801 tertio
733 740 771 800 de
807 741 864 802 hac
900 753 986 823 parte

139 827 322 909 pollicetur,
358 851 389 901 ae
426 826 567 908 deinceps
588 847 651 886 esse
671 823 832 887 dictorum.
860 824 989 887 Accedit

138 910 246 973 eodem
267 915 349 976 testis
370 913 505 996 locuples
526 909 720 987 Posidonius,
737 911 987 992 quietiom„scri·

137 995 183 1058 bit
205 999 237 1058 in
259 999 388 1082 quadam
420 997 449 1051 *J
475 996 625 1080 epistola,
658 995 801 1057 Publium
835 994 987 1057 Rutilium

136 1079 255 1142 Rufum
277 1085 377 1145 dicere
398 1081 517 1159 solere,
541 1080 594 1163 qui
606 1080 785 1141 Panaetium
807 1078 986 1155 audiverat,

123 1179 171 1229 ⁸ut
192 1162 283 1228 nemo
303 1170 402 1252 pictor
422 1164 660 1227 assetttnveutus
672 1211 682 1239 ‚
703 1189 724 1226 o
745 1165 798 1247 qui
820 1165 901 1225 Coae
921 1162 985 1236 Ve-

137 1252 217 1312 ueris
240 1276 306 1313 eam
328 1265 460 1336 partem,
475 1273 567 1332 quam
590 1250 713 1332 Apelles
735 1249 908 1328 inchoatam
936 1271 985 1308 re·

137 1334 300 1419 liquisset,
323 1335 492 1398 absolueret
514 1335 599 1411 (oris
620 1335 699 1397 enim
723 1332 894 1417 pulcritudo
916 1334 987 1394 reli·

68 1418 72 1423 ¹
135 1423 188 1504 qui
211 1424 345 1508 corporis
378 1420 517 1482 imitandi
551 1443 633 1504 spem
662 1418 838 1500 auferebat)
861 1420 903 1479 sic
925 1441 985 1497 ea,

135 1527 213 1588 quae
230 1509 391 1580 Panaetius
403 1506 661 1590 praetermisisset,
674 1517 705 1564 ct
726 1500 790 1566 non'
802 1503 984 1590 perfecisset,

133 1606 258 1676 propter
278 1617 404 1669 eorum,
439 1614 517 1675 qnae
544 1592 742 1682 perfecisset,
774 1591 985 1674 praestantiam

134 1679 288 1747 ¹neminem
317 1701 382 1740 esse
412 1692 613 1760 persecutum.
645 1678 850 1755 Quamobrem
872 1675 910 1735 de
932 1674 982 1759 ju·

133 1759 213 1822 dicio
234 1765 371 1827 Panaetii
393 1760 526 1825 dubitari
540 1788 601 1827 non
614 1774 727 1847 potest3
741 1775 861 1824 rectene
881 1775 984 1825 autem

133 1845 211 1907 hauc
235 1852 351 1913 tertiam
380 1861 497 1933 partem
530 1849 569 1911 ad
606 1848 826 1931 exquirendum
852 1847 984 1919 officium

133 1930 322 2013 adjunxerit,
356 1958 395 1995 an
416 1957 536 2013 secus,
557 1934 598 1996 de
633 1958 671 1996 eo
703 1934 825 1996 sortasse
847 1932 983 1997 dubitari

133 2029 244 2101 potest.
268 2022 285 2081 d
307 2021 381 2083 Nam
403 2021 465 2081 sire
487 2021 646 2081 honestum
669 2020 766 2082 solum
787 2019 904 2082 bouum
921 2018 982 2096 est,

133 2115 168 2162 ut
189 2104 307 2168 Stoicis·
317 2106 439 2190 placet3
461 2127 478 2166 c
501 2104 562 2177 sisse
584 2106 665 2188 quod
688 2106 848 2167 honestum
870 2117 934 2180 est,
949 2106 983 2167 id

134 2187 176 2248 ita
196 2213 348 2261 summum
370 2192 484 2269 bortum
520 2206 586 2268 est,
618 2190 871 2274 quemadmodum
894 2191 979 2252 Peri·

133 2278 271 2356 pateticis
287 2278 408 2339 ‘vestris
442 2274 589 2353 videtur,
621 2289 655 2338 ut
685 2280 787 2338 omnia
818 2297 859 2336 cx
887 2277 982 2336 altera

132 2377 217 2447 parte
239 2363 480 2441 mttoeau‚,vix
499 2362 616 2427 minimi
637 2363 780 2425 momenti
808 2362 903 2425 instar
924 2360 979 2427 lta·

111 2653 115 2663 ‚
133 2611 148 2641 ²*
166 2613 318 2677 delictum,
335 2631 428 2666 omnes
446 2613 511 2666 libri
528 2621 638 2668 veteres.

134 2679 147 2707 *
164 2682 297 2749 Epistula
315 2683 417 2733 habent
433 2682 516 2749 antiq.
531 2699 652 2736 «monem.

133 2766 150 2799 a
168 2746 275 2821 Nobilis
293 2750 337 2799 itta
361 2746 455 2803 Venus
477 2750 578 2829 Apellis
603 2753 691 2820 capite
718 2760 825 2806 mutum
842 2753 978 2827 obuoluto,

200 2817 306 2884 reliquo
324 2826 436 2884 corpore
454 2817 585 2883 delineata
602 2821 702 2872 solnm.
812 2830 815 2836 “
839 2856 842 2859 Δ

133 2881 287 2937 i-Unioum
304 2885 406 2937 bonum
424 2883 511 2938 Stoici
527 2896 642 2954 ponunt.

130 2967 148 3004 e
166 2950 342 3026 Peripatetici
360 2952 482 3019 oramen
498 2956 635 3043 troporum
651 2956 796 3037 inducunt.
