2359 3567
226 247 303 326 ‚tlt
430 266 461 307 nr.
483 267 511 308 n.
533 262 629 306 mern.
652 264 688 306 nn
711 265 805 308 orere.
900 302 906 311 s

201 329 320 407 aberit,
343 328 459 391 nullum
481 329 607 390 lacinus.
631 329 661 389 Si
689 330 769 390 enim
800 331 960 413 cogitans:
999 343 1049 395 est

199 415 276 476 illud
299 414 422 499 quidem
444 416 621 489 honestum,
645 436 746 473 rerum
770 414 826 474 boc
848 414 982 497 expedit,
995 440 1043 478 res

200 519 218 557 a
242 511 348 560 natura
371 498 526 580 copulatas
546 496 669 557 audebit
691 519 794 573 errore
816 498 972 561 divellere:
988 500 1043 584 qui

200 581 266 641 sons
288 596 331 642 est
354 582 529 656 fraudium,
553 576 793 656 maleficiorum,
816 585 1041 646 scelerumom·

198 665 293 726 nium.
317 668 423 749 ltaque
444 667 467 724 si
492 663 655 725 virbonus
677 664 883 727 habeatbanc
906 668 980 739 rim,
1006 682 1041 730 ut

198 748 221 807 si
243 771 262 808 a
285 750 385 832 digitis
407 749 632 832 concrepuerit,
655 748 747 828 possit
779 749 810 807 in
840 749 1040 833 locupletium

199 845 374 894 testamenta
397 848 507 893 nomen
526 832 602 891 eius
631 832 788 909 irrepere,
821 832 877 892 ha'c
912 836 939 893 vi
975 858 1039 897 non

196 929 322 993 utatur,
346 940 384 977 ne
417 917 441 976 si
464 916 652 999 exploratum
689 914 810 994 quidem
839 916 970 992 babeat,
1005 918 1038 980 id

78 1020 87 1043 r
121 997 125 1007 ’
197 999 320 1061 omnino
343 1004 493 1062 neminem
516 1021 647 1081 unquam
671 999 901 1080 suspicaturum.
922 1003 1036 1064 arda-

132 1150 139 1159 χ
194 1106 241 1143 res
264 1087 342 1147 hanc
365 1088 423 1144 vim
447 1085 486 1144 M.
510 1080 636 1163 Crasso,
660 1093 694 1140 ut
722 1082 884 1167 digitorum
912 1107 1038 1167 percus·

194 1170 279 1228 sione
305 1168 389 1228 heres
411 1181 508 1251 posset
527 1164 654 1248 scriptus
677 1187 761 1241 esse,
783 1168 835 1247 qui
857 1191 959 1230 revera
973 1193 1036 1231 uon

193 1263 268 1311 esset
291 1253 393 1328 heres,
418 1256 448 1312 in
472 1252 555 1325 loro,
578 1251 653 1310 mibi
676 1249 773 1324 credo,
789 1252 920 1319 saltaret.
936 1249 1035 1315 llomo

189 1349 296 1422 ‘autem
320 1336 424 1412 iustus,
438 1348 468 1396 et
482 1337 505 1394 is
517 1330 617 1421 'quem
640 1335 783 1393 scutimus
799 1335 894 1395 virum
910 1334 1035 1416 bouum,

192 1419 268 1479 nihil
291 1421 450 1502 cuiquam,
473 1420 554 1500 quod
577 1419 607 1477 in
632 1440 662 1477 se
685 1417 862 1494 transierat,
885 1419 1032 1482 detrahet.

191 1500 330 1586 Hocqui
354 1505 544 1579 admiratur,
567 1503 665 1573 isse,
698 1501 772 1581 quid
805 1502 881 1582 quid
914 1503 953 1563 sit
969 1505 1035 1587 aeir

178 1585 310 1662 bonus,
334 1588 449 1647 nescire
472 1588 610 1647 latentur.
634 1589 675 1646 At
696 1606 790 1659 reru,
828 1589 858 1646 si·
885 1587 952 1669 quis
983 1612 1034 1648 ro-

103 1674 114 1739 s
190 1669 281 1731 luerit
304 1671 395 1732 animi
420 1672 464 1730 stii
487 1669 736 1752 complicatamb
765 1669 914 1730 notionem
952 1674 1034 1732 evol·

190 1757 368 1831 rere,·iam
391 1756 505 1838 seipse
528 1754 655 1830 doceat,
679 1773 748 1812 eum
786 1753 882 1814 virum
916 1754 1033 1817 bonum

188 1848 260 1912 esse,
283 1839 338 1920 qui
359 1841 470 1920 prosit,
493 1838 603 1922 quibus
625 1836 738 1921 possit3
763 1850 882 1913 noceat,
906 1840 1031 1913 nemini,

187 1921 243 1982 nisi
268 1922 421 1984 lacessitus
443 1923 565 2003 injuria.
588 1920 672 1998 Quid
695 1922 791 2003 ergo?
815 1921 864 1980 hic
887 1944 946 1981 non
971 1946 1029 1982 no-

148 2002 152 2017 ’
187 2020 279 2083 ceat,
302 2006 353 2088 qni
404 2009 516 2068 undam¹
546 2005 630 2088 quasi
659 2027 773 2064 renerio
807 2006 964 2086 perficiat,
995 2020 1030 2067 ut

113 2147 116 2157 ,
187 2107 271 2150 reros
308 2029 435 2154 heredes
467 2104 604 2166 moveat,
641 2091 672 2149 in
707 2110 811 2149 eorum
839 2090 935 2148 locum
964 2090 1029 2171 ipse

185 2174 354 2234 succedat?
379 2174 445 2235 Non
467 2174 687 2256 igiturlaeiat,
710 2171 820 2232 dixerit
842 2172 1027 2254 quis,⁴,quod

170 2258 257 2317 ¹utile
280 2258 339 2330 sit,
362 2259 443 2340 quod
467 2258 633 2339 expediat?
655 2258 714 2317 iuro
745 2255 919 2338 intelligat,
948 2257 1026 2319 nibil

185 2356 245 2402 nec'
265 2341 419 2425 expedire,
443 2365 498 2402 nec
522 2345 597 2403 utile
619 2364 691 2417 esre,
715 2339 796 2423 quod
819 2343 856 2399 sit
869 2341 1025 2405 iniustum.

183 2426 255 2488 Hoc'
271 2427 323 2507 qui
346 2448 406 2486 non
429 2425 593 2497 didicerit,
617 2426 713 2486 bonus
737 2425 782 2483 vir
804 2445 867 2484 esse
890 2446 950 2484 non
967 2448 1023 2507 po·

185 2513 265 2572 terit.
290 2509 455 2571 Fimbriam
478 2509 682 2585 consularem,
703 2508 861 2587 audiebam
883 2532 900 2569 c
922 2510 1025 2591 depa-

184 2607 229 2654 tre
249 2606 351 2657 nostro
374 2615 466 2675 puer,
491 2593 620 2676 judicem
644 2593 685 2655 tt,
702 2594 721 2629 *l
744 2591 1023 2653 Lutatio'Pinthiae

182 2679 271 2741 luisse
293 2679 390 2761 equiti
425 2679 561 2739 Romano
595 2700 664 2739 sane
691 2678 841 2761 honesto,
875 2697 968 2758 ‹1num
997 2677 1022 2737 is

180 2865 197 2898 a
215 2843 335 2914 Supini,
353 2853 380 2896 et
398 2846 496 2913 quibus
513 2844 589 2911 loqui
607 2845 795 2896 nonlibernm
817 2851 893 2908 erat,
930 2843 1001 2911 digi-

247 2915 304 2964 tulo
321 2914 481 2983 crepitantes
499 2913 647 2981 quidquam
664 2912 859 2979 significabant.

179 2979 194 3030 t
210 2980 375 3044 Notionem,
395 2981 529 3044 sormam,
549 2987 576 3029 et
593 2981 706 3046 speciem
725 2979 798 3030 dicit

178 3062 193 3093 c
212 3046 250 3096 De
268 3055 363 3114 patre,
380 3063 431 3113 pro
449 3066 463 3096 a
480 3054 575 3113 patre,
594 3047 756 3101 inusitatius.

133 3116 142 3121 ‘
181 3112 194 3136 *
211 3110 321 3165 Lutatio
338 3114 419 3181 lapid.
438 3113 553 3183 Capitol.
571 3121 599 3167 ct
615 3113 699 3183 aliqui
717 3110 837 3167 numenei
854 3109 981 3181 argentei.
