2359 3567
237 257 272 297 ro
401 242 481 296 u.=r.
504 253 600 296 ercan.
623 256 661 297 aa
682 254 781 300 orrrct

7 327 10 332 '
84 326 100 365 V
152 329 161 353 ”
189 343 250 405 que
284 316 474 396 forensibus,
512 342 612 402 neque
645 322 815 384 domesticis
850 324 884 383 in>
912 326 1033 409 rebus,

190 425 290 486 neque
314 402 338 460 si
362 412 461 461 tecum
483 425 552 484 agas
574 390 790 490 quidfneque
808 409 916 470 sicum
932 411 1037 475 altero

189 486 364 561 contrahas,
388 506 493 547 vacare
516 489 614 549 officio
636 504 743 571 potest.
767 492 804 551 ln
820 514 917 575 eoque
939 517 1031 557 exco-
1054 513 1062 518 “

189 572 283 654 londo
305 571 361 630 sita
383 571 462 630 vitae
497 582 543 647 est
564 572 705 635 honestas
726 569 843 651 omnis,
866 590 896 636 et
917 580 948 639 in
972 602 1031 639 ne·
1069 623 1080 650 4

189 654 328 739 gligcndo
352 655 520 736 turpitudo.
543 656 645 738 Atque
663 659 737 719 haec
753 659 876 740 quidem
891 664 1032 743 quaestio

158 740 161 744 ’
189 740 357 800 communis
379 750 424 798 est
445 743 581 801 omnium
604 742 865 827 philosophorum.
886 746 960 821 Quis
982 760 1034 808 est

106 854 111 864 ·
188 826 289 901 enim,
311 824 364 905 qui
387 823 478 884 nullis
495 824 584 884 officii
600 829 768 910 praeceptis
792 828 944 889 tradendis
960 831 1034 913 phi·
1119 891 1123 895 ,

188 908 347 992 losoplrum
383 930 413 967 se
436 908 545 968 audeat
566 907 698 970 dicere?
724 932 743 970 a
765 911 824 971 Sed
855 925 925 973 stant
947 935 1028 973 non·

187 993 290 1053 nullae
312 992 508 1074 disciplinae,
542 1014 640 1074 quae,
661 996 824 1078 propositis
845 996 1029 1078 bonorum,
1132 1057 1140 1062 .

186 1090 217 1137 et
239 1077 387 1152 malorum
409 1075 540 1151 linibus,
574 1076 705 1138 officium
727 1100 817 1139 omne
839 1095 1035 1163 pervertunt*

186 1159 261 1222 llam
284 1161 336 1243 qui
359 1181 510 1220 summum
530 1159 645 1220 bonum
668 1164 709 1221 sio
724 1163 876 1238 instituit,
901 1176 933 1223 ut
949 1165 1033 1227 nihil

149 1305 153 1319 ,
186 1245 297 1306 lrabeat
337 1257 405 1305 cum
443 1245 562 1304 virtute
593 1245 813 1327 conjunctum,
852 1247 944 1328 idque
966 1250 1035 1325 suis

187 1329 370 1404 commodis,
387 1349 469 1406 „non
493 1329 650 1403 honestate
672 1331 814 1405 metitur,
849 1331 899 1391 hic
920 1330 944 1389 si
968 1333 1029 1393 sibi

184 1415 249 1497 ipsc
270 1414 460 1490 consentiat,
484 1425 515 1472 et
536 1435 598 1472 nou
620 1412 779 1474 interdum
788 1419 918 1476 naturae
939 1417 1034 1477 boni·-

102 1524 105 1531 ’
186 1509 246 1568 tate
269 1501 425 1572 vincatur,
458 1518 558 1578 neque
579 1494 745 1557 amicitiam
780 1497 881 1557 colere
909 1501 1030 1582 possit,

149 1581 153 1588 ⁴
185 1603 241 1643 nee
264 1582 433 1664 justitiam,
468 1602 523 1639 nec
545 1579 772 1642 liberalitatem.
804 1580 905 1650 Fortis
929 1605 1031 1661 vero,

184 1664 492 1727 doloremsummum
515 1664 630 1747 malum
653 1664 818 1745 judicans,
841 1678 895 1725 aut
914 1679 1033 1751 tempe·

126 1810 128 1812 ,
186 1772 274 1828 raus,
297 1751 483 1832 uoluptatem
497 1769 648 1814 summum
662 1742 778 1808 bouum
793 1760 940 1827 statuens,
962 1774 1030 1825 esso

114 1841 116 1846 ’
184 1849 267 1914 certe
296 1832 382 1894 nullo
404 1831 495 1892 modo
516 1844 626 1914 potest.
654 1832 746 1907 Quae
776 1853 961 1915 quamquam
984 1837 1031 1898 ita

184 1921 254 1979 suut
275 1922 307 1980 in
318 1927 494 2010 promptu,
518 1929 552 1976 ut
567 1938 615 1976 res
630 1915 837 1998 disputatione
849 1939 909 1977 non
923 1931 1029 2000 egeat,

185 2015 284 2063 tamen
307 2013 415 2071 sunta
437 2001 524 2062 nobis
554 2000 571 2060 b
594 2001 660 2060 alio
679 2001 747 2059 loco
769 1998 933 2083 disputata.
961 2001 1030 2064 Hae

161 2088 364 2174 ,disciplinae
387 2086 505 2167 igitur,
527 2086 552 2145 si
563 2084 623 2145 sibi
643 2096 865 2144 consentaneae
887 2083 961 2147 esse
973 2109 1029 2146 re·

158 2172 263 2247 *lint‚
286 2172 325 2231 de
347 2170 448 2231 officio
467 2169 544 2229 nihil
567 2180 682 2252 queant
696 2169 816 2230 dicere:
840 2180 941 2251 neque
964 2169 1029 2232 ulla

183 2257 273 2317 'officii
295 2267 456 2339 praecepta
480 2253 588 2327 firma,
612 2253 761 2328 stabilia,
783 2253 946 2336 conjuncta
969 2277 1029 2314 na·

184 2352 268 2403 turae
292 2337 370 2401 tradi
392 2350 535 2421 possunt,
558 2339 616 2398 nisi
639 2350 692 2402 ant
713 2337 752 2398 ab
774 2337 842 2412 his,
865 2340 956 2419 quic
977 2358 1029 2397 so-

85 2496 87 2501 ,
117 2492 123 2508 Β
182 2423 244 2487 lana
267 2427 430 2498 virtntem·‚
454 2434 505 2482 aut
521 2422 565 2481 ab
587 2422 650 2496 iis,
671 2420 694 2479 d
714 2421 767 2503 qui
780 2422 910 2481 maxime
932 2422 1029 2481 houe-

84 2535 85 2538 ’
183 2521 290 2569 statem
309 2518 433 2592 propter
449 2528 479 2565 se
492 2505 595 2583 dicant
610 2504 821 2588 expetendam.
843 2504 890 2566 lta
902 2507 1029 2588 propria

183 2606 227 2651 est
243 2616 277 2654 ea
285 2590 459 2675 praeceptio
471 2590 643 2650 Stoicorum
654 2603 702 2663 ‚et
711 2589 981 2664 Academicorum,
992 2603 1029 2651 et

182 2674 473 2759 Peripateticorum:
492 2673 635 2756 quoniam
651 2674 824 2750 Aristonis,
841 2673 1026 2754 Pyrrhonis,

181 2759 284 2821 Herili
307 2758 491 2842 jampridem
511 2757 635 2840 explosa
657 2758 805 2819 sententia
820 2769 876 2818 est.
896 2758 959 2834 Qui
980 2769 1027 2820 ta-

141 2872 147 2918 j
181 2865 253 2904 rnen
276 2845 428 2913 haberent
457 2840 503 2924 ius
526 2864 613 2902 suum
636 2840 810 2925 disputandi
840 2841 881 2900 de
900 2841 1024 2917 officio,

181 2930 206 2989 si
229 2951 333 2991 cerum
355 2930 487 3010 aliquem
511 2926 661 2986 delectum
684 2927 738 2986 reli
764 2925 898 3001 cissent,
928 2936 963 2983 ut
983 2925 1027 2986 ad
1056 3004 1059 3007 ἢ

182 3013 271 3075 officii
294 3011 616 3076 inventionem'aditua
638 3023 725 3073 esset.
777 3031 907 3092 quemur
930 3008 1026 3089 igitur
1100 3069 1104 3072 .

121 3137 127 3148 “
181 3154 199 3189 ι
215 3111 466 3206 Iipioureounotat.v
722 3135 738 3187 d
755 3131 1030 3187 latitudinibus

182 3219 204 3284 οι
213 3204 304 3274 Solam
315 3202 588 3300 nonoutemstoicoa
601 3208 683 3261 notat
718 3201 740 3258 d
752 3203 801 3274 qui
811 3201 922 3300 maxime
933 3198 1024 3267 Perip.
