2359 3567
418 144 465 187 ser
487 146 523 186 na
543 142 697 189 sensenna
879 128 937 191 261

140 211 257 286 evenit,
279 206 337 271 illo
359 209 518 287 extincto,
541 207 624 267 unde
646 208 817 279 discerem,
838 205 981 273 lore-ness

140 295 265 355 minem.
287 295 438 372 Quorsum
460 291 554 377 igitur
576 292 653 352 hoec
676 303 737 353 tam
757 288 852 354 mults
866 292 906 354 (le
920 293 983 356 tta·

55 374 59 378 ’
141 378 252 443 ximo?
272 377 352 455 Quia
375 375 510 458 prolecto
533 372 642 441 ridetis
654 420 664 448 ,
687 374 772 436 nefas
793 395 858 436 esse
879 377 982 455 dictu,

141 461 283 522 miseram
316 460 407 521 luisse
442 458 534 519 talem
563 470 759 521 senectutem.
787 455 848 520 Nec
881 473 983 523 tomen

143 565 249 604 omnes
270 557 396 626 possunt
418 563 481 602 esse
501 541 684 621 Scipiones,
705 554 758 602 aut
777 541 926 621 Maximi,
947 556 983 605 ut

142 627 267 689 urbium
290 627 551 709 expugnationes,
574 636 608 683 ut
629 625 808 707 pedestres,
830 628 985 691 navalesre

142 731 282 792 pugnos,
305 722 339 770 ut
361 710 440 772 bella
463 732 480 768 n
502 720 657 789 segesta,
684 720 719 768 ut
740 707 910 792 triumphos
931 729 983 770 re·
1032 758 1035 761 a

18 785 23 792 ¹
129 793 320 872 <sordentum
342 790 395 853 Est
415 793 507 853 etiarn
529 790 657 872 quiete,
685 805 717 852 et
733 797 836 875 pure,
866 805 899 854 et
919 794 984 855 ele·

146 889 359 957 gauterractae
382 877 490 937 aetolis
511 875 651 956 placida,
670 897 707 936 ae
728 876 806 936 lenis
828 889 984 954 senectus3

146 959 268 1040 qualem
289 959 459 1040 accepimns
480 957 637 1032 Platonis,
658 959 711 1040 qui
733 980 795 1019 uno
816 970 848 1018 et
868 972 1004 1041 octoge-

145 1043 325 1121 simonanno
346 1042 480 1103 scribens
500 1053 635 1101 mortuus
656 1055 723 1115 est,
743 1064 763 1101 a
783 1042 904 1125 qualem
925 1042 987 1111 lsa-

146 1125 260 1199 cratis,
275 1128 335 1207 ‘qui
358 1147 427 1186 eum
449 1124 578 1200 librum,
596 1124 650 1206 qni
672 1124 916 1203 Panathenaicus
936 1127 986 1187 in·

146 1209 290 1269 scribitur
306 1221 446 1289 ,quarto
468 1223 500 1270 et
520 1207 714 1288 nonagesimo
735 1229 818 1275 enno
833 1211 987 1293 scripsisse
1013 1251 1018 1260 ·
1063 1244 1066 1251 Δ

148 1290 287 1366 (licitur,
309 1292 443 1374 vixitque
465 1292 710 1377 quinquennium
738 1304 865 1374 postea:
901 1292 989 1375 cujus

148 1371 291 1458 magister
311 1375 482 1441 Leontinus
508 1373 638 1457 Gorgias
663 1388 786 1436 centum
815 1387 846 1437 et
873 1389 1004 1458 septem,

52 1500 55 1505 ,
149 1457 310 1540 complevit
330 1479 449 1535 ennos3
483 1480 583 1539 neque
606 1478 739 1542 unquam
761 1459 793 1519 in
814 1480 867 1521 suo
888 1458 989 1525 studio

148 1553 241 1621 atque
262 1563 356 1626 opere
376 1544 512 1604 cessavit.
534 1542 622 1620 Qui,
648 1562 743 1625 quum
777 1563 817 1602 ex
837 1564 874 1603 eo
895 1563 1012 1625 qnae-7

148 1626 293 1702 teretur«,
325 1647 380 1686 cur
403 1627 507 1687 tandiu
529 1627 621 1687 vellet
642 1647 707 1689 esse
728 1626 762 1686 in
791 1627 876 1700 vita3
913 1626 991 1688 nihil

148 1706 269 1784 habeo,
292 1708 409 1791 inquit,
432 1710 512 1790 qnod
528 1710 673 1781 'incusem
687 1718 883 1771 senectutem.
897 1709 992 1782 Prae·
1084 1729 1087 1735 ’

149 1793 265 1854 clarum
288 1814 488 1875 responsum,
523 1794 674 1879 etgdocto
706 1794 828 1859 homine
855 1792 990 1876 (lignum.

150 1874 210 1936 Sua
232 1877 312 1938 enim
335 1877 637 1960 vitisiusipientes,
659 1890 691 1939 el
710 1872 867 1955 ¹sttttmcttl
907 1898 937 1943 m
958 1877 992 1938 ἰι

151 1973 336 2020 senectutem
357 1959 542 2037 conferunt:
578 1960 661 2043 quod
695 1982 757 2022 non
790 1958 865 2027 facie
907 1963 993 2040 tis,

153 2040 239 2102 cuius
255 2041 349 2115 ,modo
371 2045 556 2123 mentionem
578 2045 663 2121 feci,
685 2041 823 2118 Ennius,

195 2124 282 2195 Sicut
291 2127 387 2208 sortis
408 2148 527 2208 equus,
554 2127 651 2208 spatio
673 2126 727 2210 qui
746 2148 834 2209 suepc
854 2146 993 2208 supremo
1020 2162 1022 2165 ·

196 2205 280 2270 Vicit
303 2209 469 2292 Olympio,
490 2206 569 2272 nuuc
590 2210 672 2271 senio
693 2210 845 2292 corfinus
855 2209 991 2292 quiescit.

151 2291 243 2373 Equi
258 2293 360 2370 sortis,
376 2306 407 2353 et
421 2294 543 2356 victoris
557 2286 705 2355 senectuti
720 2306 875 2377 comparat
885 2314 991 2367 suam:

151 2395 244 2456 quem
266 2374 391 2457 quidem
418 2378 514 2460 probe
542 2379 710 2439 meminisse
746 2379 880 2461 potestis.
902 2380 994 2438 Anno

152 2459 237 2519 euim
257 2457 570 2545 undevigesimo'post
590 2460 656 2544 ejus
677 2474 802 2521 mortem
825 2462 855 2522 hi
881 2479 993 2520 consu·

152 2540 198 2602 tes
218 2542 257 2603 T.
279 2542 463 2619 Flaminius,
484 2559 515 2606 et
536 2545 577 2607 Μ.
602 2546 718 2606 Acilius
740 2543 813 2605 lacti
834 2555 924 2604 sunta
940 2542 995 2603 ille

153 2637 274 2701 sutem,
296 2624 478 2709 caepione,
499 2642 531 2690 et
553 2628 657 2711 Philip
721 2627 833 2691 iterum
854 2627 994 2700 consule,

154 2722 291 2770 mortuus
313 2720 378 2789 est3
401 2716 496 2795 qnnin
518 2734 573 2794 ego
593 2714 647 2794 qui
671 2710 763 2775 emV
785 2724 816 2776 et
829 2710 884 2777 LX
899 2729 997 2773 sonos

981 2814 987 2834 l

153 3004 173 3044 s
187 2987 319 3051 isocrates
337 2990 448 3066 scripsit
462 2990 700 3052 Panathenaicus

308 3226 323 3263 3
