<?xml version="1.0" encoding="UTF-8"?>
<!DOCTYPE html PUBLIC "-//W3C//DTD XHTML 1.0 Transitional//EN"
    "http://www.w3.org/TR/xhtml1/DTD/xhtml1-transitional.dtd">
<html xmlns="http://www.w3.org/1999/xhtml" xml:lang="en" lang="en">
 <head>
  <title>
</title>
<meta http-equiv="Content-Type" content="text/html;charset=utf-8" />
  <meta name='ocr-system' content='tesseract 3.04.00' />
  <meta name='ocr-capabilities' content='ocr_page ocr_carea ocr_par ocr_line ocrx_word'/>
</head>
<body>
  <div class='ocr_page' id='page_1' title='image "./mtulliiciceroni114cicegoog/mtulliiciceroni114cicegoog_0025.png"; bbox 0 0 2359 3567; ppageno 0'>
   <div class='ocr_carea' id='block_1_1' title="bbox 101 175 1038 1566">
    <p class='ocr_par' dir='ltr' id='par_1_1' title="bbox 101 175 1038 1566">
     <span class='ocr_line' id='line_1_1' title="bbox 440 175 994 240; baseline 0.005 -22"><span class='ocrx_word' id='word_1_1' title='bbox 440 175 502 218; x_wconf 77' lang='grc' dir='ltr'><strong>ιη.</strong></span> <span class='ocrx_word' id='word_1_2' title='bbox 526 177 548 217; x_wconf 87' lang='lat' dir='ltr'><strong>r.</strong></span> <span class='ocrx_word' id='word_1_3' title='bbox 571 177 635 219; x_wconf 78' lang='lat' dir='ltr'><strong>oar.</strong></span> <span class='ocrx_word' id='word_1_4' title='bbox 658 177 699 218; x_wconf 79' lang='lat' dir='ltr'><strong>rr.</strong></span> <span class='ocrx_word' id='word_1_5' title='bbox 825 213 827 218; x_wconf 81' lang='grc'>,</span> <span class='ocrx_word' id='word_1_6' title='bbox 954 182 994 240; x_wconf 66' lang='lat' dir='ltr'><strong>ry</strong></span> 
     </span>
     <span class='ocr_line' id='line_1_2' title="bbox 142 235 993 322; baseline 0.001 -19"><span class='ocrx_word' id='word_1_7' title='bbox 142 240 181 303; x_wconf 78' lang='lat' dir='ltr'><strong>id</strong></span> <span class='ocrx_word' id='word_1_8' title='bbox 201 240 266 303; x_wconf 82' lang='lat' dir='ltr'><strong>iure</strong></span> <span class='ocrx_word' id='word_1_9' title='bbox 288 238 488 317; x_wconf 71' lang='lat' dir='ltr'><strong>laudabitur:</strong></span> <span class='ocrx_word' id='word_1_10' title='bbox 523 263 542 301; x_wconf 83' lang='lat' dir='ltr'><strong>o</strong></span> <span class='ocrx_word' id='word_1_11' title='bbox 564 255 599 301; x_wconf 85' lang='lat' dir='ltr'><strong>ut</strong></span> <span class='ocrx_word' id='word_1_12' title='bbox 619 241 651 299; x_wconf 88' lang='lat' dir='ltr'><strong>in</strong></span> <span class='ocrx_word' id='word_1_13' title='bbox 681 238 840 322; x_wconf 74' lang='lat' dir='ltr'><strong>astrologia</strong></span> <span class='ocrx_word' id='word_1_14' title='bbox 859 235 895 300; x_wconf 85' lang='lat' dir='ltr'><strong>C.</strong></span> <span class='ocrx_word' id='word_1_15' title='bbox 918 241 993 304; x_wconf 83' lang='lat' dir='ltr'><strong>Sul-</strong></span> 
     </span>
     <span class='ocr_line' id='line_1_3' title="bbox 143 322 990 411; baseline 0 -24"><span class='ocrx_word' id='word_1_16' title='bbox 143 325 254 411; x_wconf 71' lang='lat' dir='ltr'><strong>pilium</strong></span> <span class='ocrx_word' id='word_1_17' title='bbox 276 322 461 387; x_wconf 81' lang='lat' dir='ltr'><strong>audirimuss</strong></span> <span class='ocrx_word' id='word_1_18' title='bbox 497 323 529 383; x_wconf 88' lang='lat' dir='ltr'><strong>in</strong></span> <span class='ocrx_word' id='word_1_19' title='bbox 548 325 713 407; x_wconf 74' lang='lat' dir='ltr'><strong>geometria</strong></span> <span class='ocrx_word' id='word_1_20' title='bbox 747 324 871 384; x_wconf 77' lang='lat' dir='ltr'>Sextum</span> <span class='ocrx_word' id='word_1_21' title='bbox 897 323 990 387; x_wconf 87' lang='lat' dir='ltr'><strong>Pom·</strong></span> 
     </span>
     <span class='ocr_line' id='line_1_4' title="bbox 143 406 993 494; baseline 0.001 -24"><span class='ocrx_word' id='word_1_22' title='bbox 143 407 249 494; x_wconf 76' lang='lat' dir='ltr'><strong>poium</strong></span> <span class='ocrx_word' id='word_1_23' title='bbox 270 409 367 493; x_wconf 82' lang='lat' dir='ltr'><strong>ipsu&#39;ru</strong></span> <span class='ocrx_word' id='word_1_24' title='bbox 389 408 603 491; x_wconf 79' lang='lat' dir='ltr'><strong>cognorimus:</strong></span> <span class='ocrx_word' id='word_1_25' title='bbox 628 406 737 468; x_wconf 88' lang='lat' dir='ltr'><strong>multos</strong></span> <span class='ocrx_word' id='word_1_26' title='bbox 757 407 789 467; x_wconf 91' lang='lat' dir='ltr'><strong>in</strong></span> <span class='ocrx_word' id='word_1_27' title='bbox 817 406 993 483; x_wconf 60' lang='lat' dir='ltr'><strong>dialectica3</strong></span> 
     </span>
     <span class='ocr_line' id='line_1_5' title="bbox 145 491 1038 594; baseline 0.004 -41"><span class='ocrx_word' id='word_1_28' title='bbox 145 493 250 594; x_wconf 63' lang='lat' dir='ltr'><strong>plures</strong></span> <span class='ocrx_word' id='word_1_29' title='bbox 287 494 319 553; x_wconf 88' lang='lat' dir='ltr'><strong>in</strong></span> <span class='ocrx_word' id='word_1_30' title='bbox 340 491 406 559; x_wconf 87' lang='lat' dir='ltr'><strong>inre</strong></span> <span class='ocrx_word' id='word_1_31' title='bbox 440 491 541 566; x_wconf 76' lang='lat' dir='ltr'><strong>uirili3</strong></span> <span class='ocrx_word' id='word_1_32' title='bbox 564 512 642 574; x_wconf 87' lang='lat' dir='ltr'><strong>quae</strong></span> <span class='ocrx_word' id='word_1_33' title='bbox 666 512 768 553; x_wconf 83' lang='lat' dir='ltr'><strong>omnes</strong></span> <span class='ocrx_word' id='word_1_34' title='bbox 789 493 907 553; x_wconf 86' lang='lat' dir='ltr'><strong>artesiu</strong></span> <span class='ocrx_word' id='word_1_35' title='bbox 931 493 995 557; x_wconf 81' lang='lat' dir='ltr'><strong>veri</strong></span> <span class='ocrx_word' id='word_1_36' title='bbox 1025 499 1038 514; x_wconf 89' lang='lat'><strong>&#39;&#39;</strong></span> 
     </span>
     <span class='ocr_line' id='line_1_6' title="bbox 143 575 992 661; baseline 0.004 -24"><span class='ocrx_word' id='word_1_37' title='bbox 143 576 371 658; x_wconf 69' lang='lat' dir='ltr'><strong>investigatione</strong></span> <span class='ocrx_word' id='word_1_38' title='bbox 389 588 557 650; x_wconf 61' lang='lat' dir='ltr'><strong>rer-santum</strong></span> <span class='ocrx_word' id='word_1_39' title='bbox 574 578 659 637; x_wconf 83' lang='lat' dir='ltr'><strong>ouius</strong></span> <span class='ocrx_word' id='word_1_40' title='bbox 670 575 768 638; x_wconf 83' lang='lat' dir='ltr'><strong>studio</strong></span> <span class='ocrx_word' id='word_1_41' title='bbox 790 598 808 637; x_wconf 81' lang='lat' dir='ltr'><strong>a</strong></span> <span class='ocrx_word' id='word_1_42' title='bbox 829 576 919 637; x_wconf 87' lang='lat' dir='ltr'><strong>rebus</strong></span> <span class='ocrx_word' id='word_1_43' title='bbox 939 601 992 661; x_wconf 84' lang='lat' dir='ltr'><strong>ge·</strong></span> 
     </span>
     <span class='ocr_line' id='line_1_7' title="bbox 101 658 995 726; baseline 0.004 -4"><span class='ocrx_word' id='word_1_44' title='bbox 101 690 106 695; x_wconf 91' lang='lat'><em>·</em></span> <span class='ocrx_word' id='word_1_45' title='bbox 145 659 253 722; x_wconf 89' lang='lat' dir='ltr'><strong>rundis</strong></span> <span class='ocrx_word' id='word_1_46' title='bbox 268 660 378 722; x_wconf 82' lang='lat' dir='ltr'><strong>abduci</strong></span> <span class='ocrx_word' id='word_1_47' title='bbox 399 673 506 722; x_wconf 78' lang='lat' dir='ltr'><strong>contra</strong></span> <span class='ocrx_word' id='word_1_48' title='bbox 527 660 657 722; x_wconf 79' lang='lat' dir='ltr'><strong>officium</strong></span> <span class='ocrx_word' id='word_1_49' title='bbox 670 673 735 721; x_wconf 75' lang='lat' dir='ltr'><strong>ests</strong></span> <span class='ocrx_word' id='word_1_50' title='bbox 762 658 879 722; x_wconf 81' lang='lat' dir='ltr'><strong>virtutis</strong></span> <span class='ocrx_word' id='word_1_51' title='bbox 907 664 995 726; x_wconf 61' lang='lat' dir='ltr'><strong>‘enim</strong></span> 
     </span>
     <span class='ocr_line' id='line_1_8' title="bbox 144 728 995 828; baseline 0.002 -21"><span class='ocrx_word' id='word_1_52' title='bbox 144 746 214 807; x_wconf 82' lang='lat' dir='ltr'><strong>laus</strong></span> <span class='ocrx_word' id='word_1_53' title='bbox 245 745 342 808; x_wconf 87' lang='lat' dir='ltr'><strong>omnis</strong></span> <span class='ocrx_word' id='word_1_54' title='bbox 370 745 404 805; x_wconf 88' lang='lat' dir='ltr'><strong>in</strong></span> <span class='ocrx_word' id='word_1_55' title='bbox 424 728 546 806; x_wconf 72' lang='lat' dir='ltr'><strong>aetiond</strong></span> <span class='ocrx_word' id='word_1_56' title='bbox 568 745 724 806; x_wconf 68' lang='lat' dir='ltr'><strong>consistite</strong></span> <span class='ocrx_word' id='word_1_57' title='bbox 760 766 777 804; x_wconf 88' lang='lat' dir='ltr'><strong>a</strong></span> <span class='ocrx_word' id='word_1_58' title='bbox 811 765 872 828; x_wconf 83' lang='lat' dir='ltr'><strong>qua</strong></span> <span class='ocrx_word' id='word_1_59' title='bbox 894 758 995 809; x_wconf 84' lang='lat' dir='ltr'><strong>tamen</strong></span> 
     </span>
     <span class='ocr_line' id='line_1_9' title="bbox 144 827 993 911; baseline 0.005 -23"><span class='ocrx_word' id='word_1_60' title='bbox 144 849 237 911; x_wconf 87' lang='lat' dir='ltr'><strong>saepe</strong></span> <span class='ocrx_word' id='word_1_61' title='bbox 259 828 297 889; x_wconf 81' lang='lat' dir='ltr'><strong>sn</strong></span> <span class='ocrx_word' id='word_1_62' title='bbox 317 829 519 890; x_wconf 80' lang='lat' dir='ltr'><strong>intermissio:</strong></span> <span class='ocrx_word' id='word_1_63' title='bbox 534 827 814 911; x_wconf 64' lang='lat' dir='ltr'><strong>multiquedantur</strong></span> <span class='ocrx_word' id='word_1_64' title='bbox 835 828 873 888; x_wconf 88' lang='lat' dir='ltr'><strong>ad</strong></span> <span class='ocrx_word' id='word_1_65' title='bbox 895 831 993 892; x_wconf 83' lang='lat' dir='ltr'><strong>studia</strong></span> 
     </span>
     <span class='ocr_line' id='line_1_10' title="bbox 144 912 996 996; baseline 0.001 -23"><span class='ocrx_word' id='word_1_66' title='bbox 144 912 286 975; x_wconf 73' lang='lat' dir='ltr'><strong>reditus:</strong></span> <span class='ocrx_word' id='word_1_67' title='bbox 320 926 384 975; x_wconf 88' lang='lat' dir='ltr'><strong>tum</strong></span> <span class='ocrx_word' id='word_1_68' title='bbox 404 915 527 996; x_wconf 73' lang='lat' dir='ltr'><strong>agitatio</strong></span> <span class='ocrx_word' id='word_1_69' title='bbox 561 916 692 990; x_wconf 84' lang='lat' dir='ltr'><strong>mentis,</strong></span> <span class='ocrx_word' id='word_1_70' title='bbox 726 936 805 995; x_wconf 87' lang='lat' dir='ltr'><strong>quae</strong></span> <span class='ocrx_word' id='word_1_71' title='bbox 837 935 996 996; x_wconf 83' lang='lat' dir='ltr'><strong>nunquam</strong></span> 
     </span>
     <span class='ocr_line' id='line_1_11' title="bbox 145 996 994 1082; baseline 0.005 -26"><span class='ocrx_word' id='word_1_72' title='bbox 145 996 300 1080; x_wconf 78' lang='lat' dir='ltr'><strong>quiescit,</strong></span> <span class='ocrx_word' id='word_1_73' title='bbox 321 1010 419 1082; x_wconf 86' lang='lat' dir='ltr'><strong>potest</strong></span> <span class='ocrx_word' id='word_1_74' title='bbox 440 1017 493 1059; x_wconf 81' lang='lat' dir='ltr'><strong>nos</strong></span> <span class='ocrx_word' id='word_1_75' title='bbox 515 1001 547 1059; x_wconf 80' lang='lat' dir='ltr'><strong>in</strong></span> <span class='ocrx_word' id='word_1_76' title='bbox 569 998 675 1058; x_wconf 85' lang='lat' dir='ltr'><strong>studiis</strong></span> <span class='ocrx_word' id='word_1_77' title='bbox 696 998 882 1081; x_wconf 74' lang='lat' dir='ltr'><strong>cogitationis</strong></span> <span class='ocrx_word' id='word_1_78' title='bbox 901 1000 994 1060; x_wconf 82' lang='lat' dir='ltr'><strong>etiam</strong></span> 
     </span>
     <span class='ocr_line' id='line_1_12' title="bbox 143 1081 998 1165; baseline 0.005 -25"><span class='ocrx_word' id='word_1_79' title='bbox 143 1081 215 1141; x_wconf 86' lang='lat' dir='ltr'><strong>sine</strong></span> <span class='ocrx_word' id='word_1_80' title='bbox 237 1103 330 1164; x_wconf 79' lang='lat' dir='ltr'><strong>opera</strong></span> <span class='ocrx_word' id='word_1_81' title='bbox 352 1095 452 1143; x_wconf 88' lang='lat' dir='ltr'><strong>nostra</strong></span> <span class='ocrx_word' id='word_1_82' title='bbox 475 1081 640 1144; x_wconf 85' lang='lat' dir='ltr'><strong>continere.</strong></span> <span class='ocrx_word' id='word_1_83' title='bbox 663 1083 772 1143; x_wconf 89' lang='lat' dir='ltr'><strong>Omnis</strong></span> <span class='ocrx_word' id='word_1_84' title='bbox 793 1094 895 1143; x_wconf 86' lang='lat' dir='ltr'><strong>autem</strong></span> <span class='ocrx_word' id='word_1_85' title='bbox 915 1083 998 1165; x_wconf 81' lang='lat' dir='ltr'><strong>cogi·</strong></span> 
     </span>
     <span class='ocr_line' id='line_1_13' title="bbox 144 1165 995 1250; baseline 0.001 -24"><span class='ocrx_word' id='word_1_86' title='bbox 144 1165 237 1241; x_wconf 82' lang='lat' dir='ltr'><strong>tatio,</strong></span> <span class='ocrx_word' id='word_1_87' title='bbox 250 1179 410 1248; x_wconf 82' lang='lat' dir='ltr'><strong>motusque</strong></span> <span class='ocrx_word' id='word_1_88' title='bbox 423 1167 515 1227; x_wconf 83' lang='lat' dir='ltr'><strong>animi</strong></span> <span class='ocrx_word' id='word_1_89' title='bbox 530 1167 560 1226; x_wconf 87' lang='lat' dir='ltr'><strong>in</strong></span> <span class='ocrx_word' id='word_1_90' title='bbox 576 1167 766 1228; x_wconf 78' lang='lat' dir='ltr'><strong>consiliisaut</strong></span> <span class='ocrx_word' id='word_1_91' title='bbox 781 1165 933 1250; x_wconf 77' lang='lat' dir='ltr'><strong>capiendis</strong></span> <span class='ocrx_word' id='word_1_92' title='bbox 954 1167 995 1227; x_wconf 82' lang='lat' dir='ltr'><strong>de</strong></span> 
     </span>
     <span class='ocr_line' id='line_1_14' title="bbox 145 1249 993 1333; baseline 0.001 -23"><span class='ocrx_word' id='word_1_93' title='bbox 145 1249 239 1310; x_wconf 81' lang='lat' dir='ltr'><strong>rebus</strong></span> <span class='ocrx_word' id='word_1_94' title='bbox 261 1251 409 1327; x_wconf 83' lang='lat' dir='ltr'><strong>honestis3</strong></span> <span class='ocrx_word' id='word_1_95' title='bbox 433 1263 463 1310; x_wconf 86' lang='lat' dir='ltr'><strong>et</strong></span> <span class='ocrx_word' id='word_1_96' title='bbox 484 1250 707 1333; x_wconf 80' lang='lat' dir='ltr'><strong>pertinentibus</strong></span> <span class='ocrx_word' id='word_1_97' title='bbox 728 1249 766 1310; x_wconf 83' lang='lat' dir='ltr'><strong>ad</strong></span> <span class='ocrx_word' id='word_1_98' title='bbox 789 1250 865 1310; x_wconf 88' lang='lat' dir='ltr'><strong>bene</strong></span> <span class='ocrx_word' id='word_1_99' title='bbox 886 1250 993 1311; x_wconf 84' lang='lat' dir='ltr'><strong>beate·-</strong></span> 
     </span>
     <span class='ocr_line' id='line_1_15' title="bbox 143 1334 992 1416; baseline 0 -23"><span class='ocrx_word' id='word_1_100' title='bbox 143 1356 209 1416; x_wconf 86' lang='lat' dir='ltr'><strong>que</strong></span> <span class='ocrx_word' id='word_1_101' title='bbox 233 1334 416 1410; x_wconf 81' lang='lat' dir='ltr'><strong>vivendum,</strong></span> <span class='ocrx_word' id='word_1_102' title='bbox 439 1349 492 1396; x_wconf 84' lang='lat' dir='ltr'><strong>aut</strong></span> <span class='ocrx_word' id='word_1_103' title='bbox 523 1335 554 1394; x_wconf 83' lang='lat' dir='ltr'><strong>in</strong></span> <span class='ocrx_word' id='word_1_104' title='bbox 576 1335 681 1396; x_wconf 87' lang='lat' dir='ltr'><strong>studiis</strong></span> <span class='ocrx_word' id='word_1_105' title='bbox 703 1334 867 1408; x_wconf 81' lang='lat' dir='ltr'><strong>scientiae,</strong></span> <span class='ocrx_word' id='word_1_106' title='bbox 889 1336 992 1415; x_wconf 83' lang='lat' dir='ltr'><strong>cogni·</strong></span> 
     </span>
     <span class='ocr_line' id='line_1_16' title="bbox 144 1417 993 1504; baseline 0.001 -26"><span class='ocrx_word' id='word_1_107' title='bbox 144 1417 298 1500; x_wconf 84' lang='lat' dir='ltr'><strong>tionisque</strong></span> <span class='ocrx_word' id='word_1_108' title='bbox 334 1433 479 1481; x_wconf 70' lang='lat' dir='ltr'><strong>versatur.</strong></span> <span class='ocrx_word' id='word_1_109' title='bbox 500 1422 548 1480; x_wconf 80' lang='lat' dir='ltr'><strong>Ao</strong></span> <span class='ocrx_word' id='word_1_110' title='bbox 568 1417 607 1478; x_wconf 78' lang='lat' dir='ltr'><strong>de</strong></span> <span class='ocrx_word' id='word_1_111' title='bbox 634 1418 873 1504; x_wconf 85' lang='lat' dir='ltr'><strong>primoquidem</strong></span> <span class='ocrx_word' id='word_1_112' title='bbox 901 1418 993 1480; x_wconf 87' lang='lat' dir='ltr'><strong>officii</strong></span> 
     </span>
     <span class='ocr_line' id='line_1_17' title="bbox 142 1501 393 1566; baseline 0.012 -4"><span class='ocrx_word' id='word_1_113' title='bbox 142 1501 235 1563; x_wconf 74' lang='lat' dir='ltr'><strong>fonte</strong></span> <span class='ocrx_word' id='word_1_114' title='bbox 251 1502 393 1566; x_wconf 77' lang='lat' dir='ltr'><strong>diximus.</strong></span> 
     </span>
    </p>
   </div>
   <div class='ocr_carea' id='block_1_2' title="bbox 441 1604 692 1669">
    <p class='ocr_par' dir='ltr' id='par_1_2' title="bbox 441 1604 692 1669">
     <span class='ocr_line' id='line_1_18' title="bbox 441 1604 692 1669; baseline 0.004 -2"><span class='ocrx_word' id='word_1_115' title='bbox 441 1604 692 1669; x_wconf 77' lang='lat' dir='ltr'><strong>IVSTITIA.</strong></span> 
     </span>
    </p>
   </div>
   <div class='ocr_carea' id='block_1_3' title="bbox 100 1727 1084 2570">
    <p class='ocr_par' dir='ltr' id='par_1_3' title="bbox 100 1727 1084 2570">
     <span class='ocr_line' id='line_1_19' title="bbox 189 1727 995 1814; baseline 0.007 -24"><span class='ocrx_word' id='word_1_116' title='bbox 189 1727 238 1790; x_wconf 87' lang='lat' dir='ltr'><strong>Ile</strong></span> <span class='ocrx_word' id='word_1_117' title='bbox 251 1728 346 1791; x_wconf 85' lang='lat' dir='ltr'><strong>tribus</strong></span> <span class='ocrx_word' id='word_1_118' title='bbox 367 1743 468 1790; x_wconf 83' lang='lat' dir='ltr'><strong>autem</strong></span> <span class='ocrx_word' id='word_1_119' title='bbox 490 1731 614 1811; x_wconf 87' lang='lat' dir='ltr'><strong>reliquis</strong></span> <span class='ocrx_word' id='word_1_120' title='bbox 646 1728 664 1789; x_wconf 85' lang='lat' dir='ltr'><strong>l</strong></span> <span class='ocrx_word' id='word_1_121' title='bbox 687 1729 827 1792; x_wconf 84' lang='lat' dir='ltr'><strong>latissime</strong></span> <span class='ocrx_word' id='word_1_122' title='bbox 848 1743 931 1814; x_wconf 83' lang='lat' dir='ltr'><strong>patet</strong></span> <span class='ocrx_word' id='word_1_123' title='bbox 957 1749 995 1796; x_wconf 70' lang='lat' dir='ltr'><strong>eo</strong></span> 
     </span>
     <span class='ocr_line' id='line_1_20' title="bbox 147 1814 994 1897; baseline 0 -21"><span class='ocrx_word' id='word_1_124' title='bbox 147 1814 253 1891; x_wconf 80' lang='lat' dir='ltr'><strong>ratio,</strong></span> <span class='ocrx_word' id='word_1_125' title='bbox 285 1836 346 1897; x_wconf 88' lang='lat' dir='ltr'><strong>qua</strong></span> <span class='ocrx_word' id='word_1_126' title='bbox 368 1815 494 1876; x_wconf 77' lang='lat' dir='ltr'><strong>societas</strong></span> <span class='ocrx_word' id='word_1_127' title='bbox 530 1815 687 1875; x_wconf 84' lang='lat' dir='ltr'><strong>homiuum</strong></span> <span class='ocrx_word' id='word_1_128' title='bbox 708 1814 787 1875; x_wconf 85' lang='lat' dir='ltr'><strong>inter</strong></span> <span class='ocrx_word' id='word_1_129' title='bbox 824 1814 925 1895; x_wconf 84' lang='lat' dir='ltr'><strong>ipsos,</strong></span> <span class='ocrx_word' id='word_1_130' title='bbox 962 1828 994 1877; x_wconf 83' lang='lat' dir='ltr'><strong>et</strong></span> 
     </span>
     <span class='ocr_line' id='line_1_21' title="bbox 144 1897 1014 1981; baseline -0.001 -23"><span class='ocrx_word' id='word_1_131' title='bbox 144 1900 228 1967; x_wconf 71' lang='lat' dir='ltr'><strong>ritae</strong></span> <span class='ocrx_word' id='word_1_132' title='bbox 259 1898 346 1979; x_wconf 87' lang='lat' dir='ltr'><strong>quasi</strong></span> <span class='ocrx_word' id='word_1_133' title='bbox 366 1897 562 1979; x_wconf 72' lang='lat' dir='ltr'><strong>communitas</strong></span> <span class='ocrx_word' id='word_1_134' title='bbox 596 1899 793 1972; x_wconf 83' lang='lat' dir='ltr'><strong>continetur3</strong></span> <span class='ocrx_word' id='word_1_135' title='bbox 817 1899 901 1957; x_wconf 90' lang='lat' dir='ltr'><strong>cuius</strong></span> <span class='ocrx_word' id='word_1_136' title='bbox 921 1920 1014 1981; x_wconf 83' lang='lat' dir='ltr'><strong>par--</strong></span> 
     </span>
     <span class='ocr_line' id='line_1_22' title="bbox 143 1980 995 2064; baseline 0.002 -22"><span class='ocrx_word' id='word_1_137' title='bbox 143 1995 194 2042; x_wconf 82' lang='lat' dir='ltr'><strong>tes</strong></span> <span class='ocrx_word' id='word_1_138' title='bbox 215 1981 291 2042; x_wconf 87' lang='lat' dir='ltr'><strong>duae</strong></span> <span class='ocrx_word' id='word_1_139' title='bbox 313 1994 401 2041; x_wconf 80' lang='lat' dir='ltr'><strong>sunt:</strong></span> <span class='ocrx_word' id='word_1_140' title='bbox 438 1981 551 2054; x_wconf 82' lang='lat' dir='ltr'><strong>iustitia</strong></span> <span class='ocrx_word' id='word_1_141' title='bbox 573 1980 686 2064; x_wconf 86' lang='lat' dir='ltr'><strong>inqua</strong></span> <span class='ocrx_word' id='word_1_142' title='bbox 710 1981 827 2044; x_wconf 77' lang='lat' dir='ltr'><strong>uirtutis</strong></span> <span class='ocrx_word' id='word_1_143' title='bbox 850 1981 995 2063; x_wconf 77' lang='lat' dir='ltr'><strong>splendor</strong></span> 
     </span>
     <span class='ocr_line' id='line_1_23' title="bbox 144 2061 1027 2146; baseline -0.001 -20"><span class='ocrx_word' id='word_1_144' title='bbox 144 2078 197 2126; x_wconf 86' lang='lat' dir='ltr'><strong>est</strong></span> <span class='ocrx_word' id='word_1_145' title='bbox 217 2066 379 2138; x_wconf 77' lang='lat' dir='ltr'><strong>maximus:</strong></span> <span class='ocrx_word' id='word_1_146' title='bbox 403 2086 441 2127; x_wconf 77' lang='lat' dir='ltr'><strong>ex</strong></span> <span class='ocrx_word' id='word_1_147' title='bbox 463 2087 522 2146; x_wconf 83' lang='lat' dir='ltr'><strong>qua</strong></span> <span class='ocrx_word' id='word_1_148' title='bbox 552 2064 626 2125; x_wconf 85' lang='lat' dir='ltr'><strong>boni</strong></span> <span class='ocrx_word' id='word_1_149' title='bbox 649 2065 702 2125; x_wconf 81' lang='lat' dir='ltr'><strong>viri</strong></span> <span class='ocrx_word' id='word_1_150' title='bbox 723 2066 939 2125; x_wconf 74' lang='lat' dir='ltr'><strong>nominantur:</strong></span> <span class='ocrx_word' id='word_1_151' title='bbox 962 2076 994 2125; x_wconf 85' lang='lat' dir='ltr'><strong>et</strong></span> <span class='ocrx_word' id='word_1_152' title='bbox 1010 2061 1027 2126; x_wconf 63' lang='grc'><strong>.’</strong></span> 
     </span>
     <span class='ocr_line' id='line_1_24' title="bbox 144 2147 996 2231; baseline -0.002 -20"><span class='ocrx_word' id='word_1_153' title='bbox 144 2150 223 2211; x_wconf 84' lang='lat' dir='ltr'><strong>huic</strong></span> <span class='ocrx_word' id='word_1_154' title='bbox 240 2151 405 2214; x_wconf 81' lang='lat' dir='ltr'><strong>coniuncta</strong></span> <span class='ocrx_word' id='word_1_155' title='bbox 427 2148 662 2225; x_wconf 82' lang='lat' dir='ltr'><strong>beneficientia,</strong></span> <span class='ocrx_word' id='word_1_156' title='bbox 685 2171 774 2231; x_wconf 85' lang='lat' dir='ltr'><strong>quam</strong></span> <span class='ocrx_word' id='word_1_157' title='bbox 797 2148 923 2209; x_wconf 73' lang='lat' dir='ltr'><strong>eandem</strong></span> <span class='ocrx_word' id='word_1_158' title='bbox 945 2147 996 2209; x_wconf 82' lang='lat' dir='ltr'><strong>vel</strong></span> 
     </span>
     <span class='ocr_line' id='line_1_25' title="bbox 100 2231 995 2317; baseline 0.002 -26"><span class='ocrx_word' id='word_1_159' title='bbox 100 2231 107 2238; x_wconf 78' lang='lat'>&#39;</span> <span class='ocrx_word' id='word_1_160' title='bbox 143 2233 386 2314; x_wconf 84' lang='lat' dir='ltr'><strong>benignitatem,</strong></span> <span class='ocrx_word' id='word_1_161' title='bbox 409 2233 456 2293; x_wconf 75' lang='lat' dir='ltr'><strong>uel</strong></span> <span class='ocrx_word' id='word_1_162' title='bbox 479 2234 691 2298; x_wconf 77' lang='lat' dir='ltr'><strong>liberalitatem</strong></span> <span class='ocrx_word' id='word_1_163' title='bbox 711 2233 856 2317; x_wconf 78' lang='lat' dir='ltr'><strong>appellari</strong></span> <span class='ocrx_word' id='word_1_164' title='bbox 874 2234 952 2295; x_wconf 86' lang='lat' dir='ltr'><strong>lioet.</strong></span> <span class='ocrx_word' id='word_1_165' title='bbox 974 2254 995 2293; x_wconf 77' lang='lat' dir='ltr'><strong>o</strong></span> 
     </span>
     <span class='ocr_line' id='line_1_26' title="bbox 145 2314 1084 2400; baseline -0.005 -22"><span class='ocrx_word' id='word_1_166' title='bbox 145 2317 212 2378; x_wconf 87' lang='lat' dir='ltr'><strong>Sed</strong></span> <span class='ocrx_word' id='word_1_167' title='bbox 224 2314 351 2380; x_wconf 84' lang='lat' dir='ltr'><strong>iustitiae</strong></span> <span class='ocrx_word' id='word_1_168' title='bbox 373 2319 504 2400; x_wconf 86' lang='lat' dir='ltr'><strong>primum</strong></span> <span class='ocrx_word' id='word_1_169' title='bbox 537 2338 646 2380; x_wconf 85' lang='lat' dir='ltr'><strong>monus</strong></span> <span class='ocrx_word' id='word_1_170' title='bbox 668 2331 734 2391; x_wconf 70' lang='lat' dir='ltr'><strong>est,</strong></span> <span class='ocrx_word' id='word_1_171' title='bbox 751 2331 833 2378; x_wconf 87' lang='lat' dir='ltr'><strong>utne</strong></span> <span class='ocrx_word' id='word_1_172' title='bbox 854 2317 903 2377; x_wconf 91' lang='lat' dir='ltr'><strong>cui</strong></span> <span class='ocrx_word' id='word_1_173' title='bbox 925 2315 997 2399; x_wconf 90' lang='lat' dir='ltr'><strong>quis.</strong></span> <span class='ocrx_word' id='word_1_174' title='bbox 1080 2359 1084 2368; x_wconf 84' lang='lat'><em>.</em></span> 
     </span>
     <span class='ocr_line' id='line_1_27' title="bbox 116 2399 994 2482; baseline -0.002 -18"><span class='ocrx_word' id='word_1_175' title='bbox 116 2399 122 2407; x_wconf 69' lang='grc'><strong><em>’</em></strong></span> <span class='ocrx_word' id='word_1_176' title='bbox 146 2406 278 2479; x_wconf 82' lang='lat' dir='ltr'><strong>noceat,</strong></span> <span class='ocrx_word' id='word_1_177' title='bbox 300 2403 370 2482; x_wconf 83' lang='lat' dir='ltr'><strong>nisi</strong></span> <span class='ocrx_word' id='word_1_178' title='bbox 393 2402 544 2464; x_wconf 85' lang='lat' dir='ltr'><strong>lacessitus</strong></span> <span class='ocrx_word' id='word_1_179' title='bbox 572 2401 701 2464; x_wconf 84' lang='lat' dir='ltr'><strong>iniuria:</strong></span> <span class='ocrx_word' id='word_1_180' title='bbox 725 2400 834 2463; x_wconf 86' lang='lat' dir='ltr'><strong>deinde</strong></span> <span class='ocrx_word' id='word_1_181' title='bbox 857 2414 888 2460; x_wconf 87' lang='lat' dir='ltr'><strong>ut</strong></span> <span class='ocrx_word' id='word_1_182' title='bbox 912 2423 994 2462; x_wconf 88' lang='lat' dir='ltr'><strong>com·</strong></span> 
     </span>
     <span class='ocr_line' id='line_1_28' title="bbox 146 2485 996 2570; baseline -0.002 -21"><span class='ocrx_word' id='word_1_183' title='bbox 146 2486 291 2549; x_wconf 86' lang='lat' dir='ltr'><strong>munibus</strong></span> <span class='ocrx_word' id='word_1_184' title='bbox 327 2500 429 2548; x_wconf 78' lang='lat' dir='ltr'><strong>ututur</strong></span> <span class='ocrx_word' id='word_1_185' title='bbox 454 2493 508 2570; x_wconf 86' lang='lat' dir='ltr'><strong>pro</strong></span> <span class='ocrx_word' id='word_1_186' title='bbox 537 2487 770 2563; x_wconf 81' lang='lat' dir='ltr'><strong>communibus,</strong></span> <span class='ocrx_word' id='word_1_187' title='bbox 795 2485 930 2569; x_wconf 23' lang='lat' dir='ltr'><strong>&#39;privatis</strong></span> <span class='ocrx_word' id='word_1_188' title='bbox 959 2494 996 2547; x_wconf 87' lang='lat' dir='ltr'><strong>ut</strong></span> 
     </span>
    </p>
   </div>
   <div class='ocr_carea' id='block_1_4' title="bbox 56 2633 998 2704">
    <p class='ocr_par' dir='ltr' id='par_1_4' title="bbox 56 2633 998 2704">
     <span class='ocr_line' id='line_1_29' title="bbox 56 2633 998 2704; baseline -0.007 -15"><span class='ocrx_word' id='word_1_189' title='bbox 56 2659 59 2662; x_wconf 93' lang='lat'>·</span> <span class='ocrx_word' id='word_1_190' title='bbox 146 2653 167 2688; x_wconf 77' lang='lat' dir='ltr'><em>a</em></span> <span class='ocrx_word' id='word_1_191' title='bbox 187 2633 323 2704; x_wconf 76' lang='lat' dir='ltr'><strong>sulpitius</strong></span> <span class='ocrx_word' id='word_1_192' title='bbox 349 2636 497 2689; x_wconf 78' lang='lat' dir='ltr'><strong>exercitum</strong></span> <span class='ocrx_word' id='word_1_193' title='bbox 514 2636 663 2689; x_wconf 79' lang='lat' dir='ltr'><strong>Romanum</strong></span> <span class='ocrx_word' id='word_1_194' title='bbox 681 2636 744 2688; x_wconf 79' lang='lat' dir='ltr'><strong>salsa</strong></span> <span class='ocrx_word' id='word_1_195' title='bbox 762 2633 906 2686; x_wconf 82' lang='lat' dir='ltr'><strong>formidine</strong></span> <span class='ocrx_word' id='word_1_196' title='bbox 924 2633 998 2693; x_wconf 52' lang='lat' dir='ltr'><strong>libes</strong></span> 
     </span>
    </p>
   </div>
   <div class='ocr_carea' id='block_1_5' title="bbox 122 2702 997 2906">
    <p class='ocr_par' dir='ltr' id='par_1_5' title="bbox 122 2702 997 2906">
     <span class='ocr_line' id='line_1_30' title="bbox 220 2702 957 2773; baseline -0.004 -21"><span class='ocrx_word' id='word_1_197' title='bbox 220 2704 313 2765; x_wconf 81' lang='lat' dir='ltr'><strong>ravit,</strong></span> <span class='ocrx_word' id='word_1_198' title='bbox 331 2702 436 2753; x_wconf 86' lang='lat' dir='ltr'><strong>lunaria</strong></span> <span class='ocrx_word' id='word_1_199' title='bbox 452 2705 561 2773; x_wconf 77' lang='lat' dir='ltr'><strong>eclipsis</strong></span> <span class='ocrx_word' id='word_1_200' title='bbox 576 2704 708 2758; x_wconf 82' lang='lat' dir='ltr'><strong>rationem</strong></span> <span class='ocrx_word' id='word_1_201' title='bbox 727 2703 880 2753; x_wconf 73' lang='lat' dir='ltr'><strong>edisserens.</strong></span> <span class='ocrx_word' id='word_1_202' title='bbox 953 2719 957 2724; x_wconf 61' lang='grc'><strong><em>’</em></strong></span> 
     </span>
     <span class='ocr_line' id='line_1_31' title="bbox 122 2770 546 2832; baseline -0.002 -10"><span class='ocrx_word' id='word_1_203' title='bbox 122 2817 125 2828; x_wconf 78' lang='grc'>,</span> <span class='ocrx_word' id='word_1_204' title='bbox 143 2775 162 2828; x_wconf 71' lang='lat' dir='ltr'><em>b</em></span> <span class='ocrx_word' id='word_1_205' title='bbox 182 2770 309 2832; x_wconf 77' lang='lat' dir='ltr'><strong>Iustitia,</strong></span> <span class='ocrx_word' id='word_1_206' title='bbox 328 2778 355 2820; x_wconf 87' lang='lat' dir='ltr'><strong>et</strong></span> <span class='ocrx_word' id='word_1_207' title='bbox 371 2770 546 2822; x_wconf 78' lang='lat' dir='ltr'><strong>beneficentia</strong></span> 
     </span>
     <span class='ocr_line' id='line_1_32' title="bbox 143 2832 997 2906; baseline -0.008 -18"><span class='ocrx_word' id='word_1_208' title='bbox 143 2861 164 2897; x_wconf 63' lang='grc' dir='ltr'><strong><em>ο</em></strong></span> <span class='ocrx_word' id='word_1_209' title='bbox 181 2838 266 2906; x_wconf 83' lang='lat' dir='ltr'><strong>Apud</strong></span> <span class='ocrx_word' id='word_1_210' title='bbox 287 2837 495 2891; x_wconf 80' lang='lat' dir='ltr'><strong>Iurisconsultus</strong></span> <span class='ocrx_word' id='word_1_211' title='bbox 523 2855 563 2889; x_wconf 84' lang='lat' dir='ltr'><strong>res</strong></span> <span class='ocrx_word' id='word_1_212' title='bbox 582 2837 712 2904; x_wconf 81' lang='lat' dir='ltr'><strong>qrmedam</strong></span> <span class='ocrx_word' id='word_1_213' title='bbox 729 2851 883 2885; x_wconf 79' lang='lat' dir='ltr'><strong>communes</strong></span> <span class='ocrx_word' id='word_1_214' title='bbox 900 2832 997 2896; x_wconf 74' lang='lat' dir='ltr'><strong>singu-</strong></span> 
     </span>
    </p>
   </div>
   <div class='ocr_carea' id='block_1_6' title="bbox 215 2898 993 3113">
    <p class='ocr_par' dir='ltr' id='par_1_6' title="bbox 215 2898 993 3113">
     <span class='ocr_line' id='line_1_33' title="bbox 218 2898 993 3021; baseline -0.01 -64"><span class='ocrx_word' id='word_1_215' title='bbox 218 2907 327 2965; x_wconf 77' lang='lat' dir='ltr'><strong>lorum,</strong></span> <span class='ocrx_word' id='word_1_216' title='bbox 359 2906 488 3021; x_wconf 42' lang='lat' dir='ltr'><strong>{uaedam</strong></span> <span class='ocrx_word' id='word_1_217' title='bbox 508 2904 708 2966; x_wconf 76' lang='lat' dir='ltr'><strong>universitatis,</strong></span> <span class='ocrx_word' id='word_1_218' title='bbox 738 2902 866 2968; x_wconf 78' lang='lat' dir='ltr'><strong>quaedam</strong></span> <span class='ocrx_word' id='word_1_219' title='bbox 888 2898 993 2961; x_wconf 72' lang='lat' dir='ltr'><strong>nulline</strong></span> 
     </span>
     <span class='ocr_line' id='line_1_34' title="bbox 219 2972 993 3054; baseline -0.005 -32"><span class='ocrx_word' id='word_1_220' title='bbox 219 2978 304 3036; x_wconf 62' lang='lat' dir='ltr'><strong>auntg</strong></span> <span class='ocrx_word' id='word_1_221' title='bbox 327 2986 364 3021; x_wconf 88' lang='lat' dir='ltr'><strong>un</strong></span> <span class='ocrx_word' id='word_1_222' title='bbox 383 2988 401 3021; x_wconf 82' lang='lat' dir='ltr'><strong>e</strong></span> <span class='ocrx_word' id='word_1_223' title='bbox 427 2973 529 3053; x_wconf 72' lang='lat' dir='ltr'><strong>dicitur</strong></span> <span class='ocrx_word' id='word_1_224' title='bbox 546 2972 711 3042; x_wconf 73' lang='lat' dir='ltr'><strong>occupatio,</strong></span> <span class='ocrx_word' id='word_1_225' title='bbox 734 2985 787 3039; x_wconf 81' lang='lat' dir='ltr'><strong>qua</strong></span> <span class='ocrx_word' id='word_1_226' title='bbox 805 2984 861 3022; x_wconf 76' lang='lat' dir='ltr'><strong>retu</strong></span> <span class='ocrx_word' id='word_1_227' title='bbox 878 2979 993 3054; x_wconf 59' lang='lat' dir='ltr'><strong>ratum</strong></span> 
     </span>
     <span class='ocr_line' id='line_1_35' title="bbox 215 3054 491 3113; baseline -0.011 -15"><span class='ocrx_word' id='word_1_228' title='bbox 215 3054 383 3113; x_wconf 59' lang='lat' dir='ltr'><strong>*usurpantis</strong></span> <span class='ocrx_word' id='word_1_229' title='bbox 401 3056 491 3109; x_wconf 77' lang='lat' dir='ltr'><strong>prumt-</strong></span> 
     </span>
    </p>
   </div>
   <div class='ocr_carea' id='block_1_7' title="bbox 0 0 1186 3567">
    <p class='ocr_par' dir='ltr' id='par_1_7' title="bbox 0 0 1186 3567">
     <span class='ocr_line' id='line_1_36' title="bbox 0 0 1186 3567; baseline 0 0"><span class='ocrx_word' id='word_1_230' title='bbox 0 0 1186 3567; x_wconf 95' lang='lat' dir='ltr'><strong> </strong></span> 
     </span>
    </p>
   </div>
  </div>
 </body>
</html>
