2359 3567
248 210 309 276 230
491 238 525 279 rr.
544 236 574 279 r.
596 238 755 282 arceamus.
982 288 985 297 ,

206 296 420 441 repudianda?
457 298 561 382 Neque
596 305 674 364 enim
711 318 755 365 est
790 303 1050 392 consentaneum,

197 384 236 442 'ul
251 404 298 444 atu
322 383 473 444 honestam
498 406 583 463 rem,
606 389 810 465 actionemve,
834 412 871 450 ne
903 393 1049 457 sollicitus
1128 443 1130 445 -

204 467 242 527 sis
257 513 265 542 ,
289 481 341 528 aut
364 491 424 529 non
445 469 596 552 suscipere
608 519 617 549 ,
629 498 630 501 ¹
641 486 692 533 aut
704 487 868 556 susceptam
882 474 1047 558 deponere.

193 551 292 629 ‘Quod
314 552 336 611 si
357 575 459 614 curam
494 554 642 637 sugimus,
678 558 769 618 »irtus
801 557 942 640 lugiendu
976 577 1046 640 est3

202 656 280 718 quae
303 660 419 699 necesse
441 651 486 698 est
507 662 574 701 cum
597 639 699 721 aliqua
720 663 791 702 cura
816 664 861 703 res
881 643 938 705 sibi
971 664 1057 707 con-¹

203 722 308 781 trarias
344 736 541 805 aspernetur,
575 738 667 805 atque
700 724 825 800 oderit;
861 740 893 787 nt
927 728 1052 790 bonitas

146 861 149 866 .
200 805 368 881 malitiam,
393 810 588 889 temperantia
611 807 787 884 libidinem,
810 810 955 890 ignasiam
979 816 1043 874 lor·

201 889 309 949 titudo.
334 890 439 973 ltaque
462 892 580 968 rideas,
604 893 693 953 rebus
713 888 830 954 iniustis
853 895 945 954 iustos
977 918 1043 956 ma·

189 973 425 1051 'xime⁸dolere,
448 976 651 1036 imbecillibus
669 976 781 1054 fortes,
805 977 954 1060 flagitiosis
976 1002 1044 1041 mo·

163 1114 172 1129 „
198 1056 308 1118 destos:
341 1081 360 1117 o
391 1060 468 1140 Ergo
503 1060 559 1139 hoc
593 1061 749 1143 proprium
779 1074 823 1120 est
851 1062 942 1122 animi
964 1063 1044 1126 bene

198 1144 354 1203 constituti
376 1144 534 1204 et‘laetari
556 1145 645 1204 bonis
668 1145 774 1220 rebus,
790 1159 821 1205 et
842 1145 946 1206 dolere
967 1171 1043 1208 eon·

116 1243 119 1247 “
199 1226 305 1287 trariis.
327 1228 531 1305 Quamobrem
555 1232 577 1289 si
601 1228 681 1288 cadit
702 1231 732 1289 in
755 1231 917 1312 sapientem
948 1231 1044 1292 animi

198 1308 306 1387 dolor,
329 1313 381 1393 qui
404 1312 539 1395 prolecto
562 1312 667 1388 cadit,
691 1315 746 1373 nisi
776 1335 813 1373 ex
847 1315 910 1373 eius
940 1316 1043 1377 auimo

196 1399 386 1478 exstirpatam
400 1397 614 1458 humanitatem
631 1397 826 1470 arbitremur3
844 1419 923 1477 quae
940 1412 1044 1462 caussa

196 1491 261 1555 est,
284 1501 351 1540 cum
373 1480 532 1542 amicitiam
568 1480 705 1542 funditus
732 1480 871 1541 tollamus
907 1505 924 1542 e
958 1484 1042 1559 rita,

196 1583 234 1622 ue
256 1564 371 1645 aliquas
404 1578 528 1647 propter
556 1589 621 1626 eam
650 1566 842 1648 suscipiamus
863 1565 1043 1628 molestias?
1103 1642 1105 1645 Ι

195 1646 276 1721 Quid
298 1649 377 1719 enim
401 1651 549 1725 interest,
572 1663 655 1710 motu
689 1650 782 1710 animi
814 1649 956 1725 sublato,
979 1675 1042 1714 non

194 1728 262 1791 dico
295 1732 373 1794 inter
406 1733 575 1817 pecudem,
608 1747 639 1794 et
670 1735 843 1808 hominem,
877 1733 928 1794 sed
961 1735 1043 1805 inter

194 1816 367 1894 bominem,
390 1832 421 1879 et
441 1840 562 1894 saxum,
585 1833 638 1879 aut
660 1831 825 1891 truncum,
848 1831 901 1879 aut
922 1818 1041 1899 quidvis

194 1901 310 1980 generis
332 1903 492 1963 eiusdem?
515 1903 532 1961 b
559 1896 668 1984 Neque.
694 1902 775 1963 enim
804 1914 873 1961 sunt
904 1903 952 1961 isti
981 1926 1038 1964 au·

194 1983 317 2062 diendi,
340 1989 391 2068 qui
415 1988 556 2048 virtutem
583 1988 691 2046 duram
726 2001 757 2046 et
790 1986 874 2066 quasi
910 1986 1040 2048 ferream

194 2072 406 2149 esse·rolunt;
428 2093 506 2153 quae
529 2071 649 2154 quidem
684 2083 729 2130 est
761 2091 828 2128 cum
865 2070 967 2129 multis
1007 2073 1039 2134 in

193 2152 301 2229 rebus,
325 2169 388 2215 tum
410 2157 441 2215 iu
463 2156 594 2217 amicitia
618 2169 717 2215 tenera
739 2166 829 2234 atque
852 2154 1036 2232 tractabilis3

192 2249 276 2299 utet
299 2240 384 2299 bonis
405 2240 492 2300 amici
516 2241 599 2322 quasi
622 2238 850 2312 diffundantur,
872 2251 903 2298 et
925 2238 1035 2300 ineom.

191 2321 286 2381 modis
306 2324 533 2385 contrahantur.
554 2323 756 2400 Quamobrem
777 2342 870 2402 angor
882 2322 959 2397 iste,
981 2324 1038 2404 qui

190 2425 246 2487 pro
273 2409 369 2487 amico
398 2408 685 2491 saepeqcapiunaelus
717 2408 801 2481 nst,⁴
820 2427 882 2466 uon
917 2417 1038 2470 tantum

191 2494 292 2568 valet,
325 2504 359 2552 ut
391 2492 516 2573 tollate
548 2493 623 2552 vita'·
643 2490 829 2562 amicitiam
852 2512 914 2550 non
942 2490 1034 2573 plus,

181 2568 280 2653 'quam
301 2587 335 2636 ut
356 2575 501 2652 virtutes,
524 2577 597 2659 quia
619 2576 777 2636 nonnullas
798 2594 902 2649 curas,
915 2587 946 2634 et
967 2597 1035 2636 mo·

182 2655 289 2720 'lestias
310 2659 461 2736 afferunt,
484 2659 691 2741 repudientur.
714 2662 815 2743 Quum
837 2671 937 2720 autem
959 2680 1033 2719 con-

191 2742 490 2821 trahatamicitiaru,
515 2754 547 2803 ut
569 2766 659 2827 supra
682 2743 769 2819 diui,
791 2743 815 2801 si
849 2760 910 2824 qua
938 2742 1033 2823 signi·

184 2828 287 2891 ficatio
310 2827 426 2888 virtutis
446 2829 584 2904 eluceat,
608 2827 758 2908 adquam
781 2849 811 2886 se
833 2826 937 2885 similis
966 2828 1033 2887 ani·

178 2902 254 2972 ‘mus
275 2912 427 2995 applicet,
450 2925 481 2972 et
501 2911 646 2994 adiungat
659 2956 678 2987 ,.
691 2911 722 2971 id
744 2933 837 2992 quum
864 2908 1033 2991 contingit,

188 3016 272 3055 amor
293 2994 447 3056 exoriatur
468 3017 585 3058 necesse
608 3010 661 3057 est.
686 2993 770 3075 Quid
791 2995 870 3059 euim
893 3006 953 3077 tam
976 2993 1032 3054 ab·

113 3116 114 3120 ’
189 3124 206 3160 u
224 3110 367 3176 Proprium
385 3112 467 3166 animi
483 3113 550 3168 bene
567 3111 715 3167 constituti
786 3092 852 3166 b'ln
868 3110 982 3167 Stuiuot.
