2359 3567
446 237 700 283 mcmm
960 227 1000 290 ἡ

154 319 241 381 niunr
255 331 303 381 est
314 318 535 382 coniunctionis
550 320 890 405 appetitusprocreandr
910 323 1000 388 oaus-

59 399 69 412 '
153 425 209 476 sa,
243 417 276 464 et
296 426 368 465 cera
401 403 548 486 quaedam
583 428 706 483 eorum,
741 428 819 487 quae
841 423 1000 489 procreata

153 498 238 547 sunt.
261 488 321 548 Sed
344 483 422 548 inter
444 488 623 565 honinem,
645 502 676 549 ct
699 488 829 550 belluam
852 492 909 551 hoc
931 515 997 554 rna·

152 570 240 629 xime
262 573 401 649 interest,
414 572 495 653 quod
509 574 584 635 haec
607 585 743 646 tantum,
766 588 912 655 quantum
933 599 999 638 aen·

153 674 191 712 su
214 668 373 730 movetur,
396 656 434 715 ad
458 656 492 715 id
511 657 630 733 solum,
666 657 747 738 quod
769 658 874 729 adest,
898 661 997 741 quod·

152 759 216 818 que
238 761 374 820 praesens
394 752 449 815 est,
462 762 492 799 se
512 740 718 801 accommodat
733 787 743 815 ‚
758 742 928 823 paullulum
945 743 998 804 ad

154 820 280 881 modum
303 823 431 883 sentiens
456 826 672 904 praeteritum,
687 838 740 887 aut
762 826 908 886 futurum.
931 828 997 892 Ho-

152 925 206 964 mo
228 919 347 980 autem‚
370 906 390 942 ⁴*
413 906 496 988 quod
531 910 657 968 rationis
684 922 729 969 est
750 910 922 992 particeps,
944 933 998 994 par

152 1010 246 1132 quam
275 991 492 1073 consequentia
520 993 642 1070 ceruit,
678 1014 796 1054 caumas
824 1015 923 1054 rerum
950 995 994 1054 vi·

176 1084 230 1145 et,
258 1096 423 1157 carumque
444 1097 636 1160 progressus,
658 1090 689 1137 et
711 1079 798 1161 quasi
818 1078 996 1138 antecessio-

150 1177 208 1216 nes
243 1179 306 1220 uon
340 1160 480 1240 querat,
510 1159 722 1220 similitudines
753 1174 931 1243 comparat,
964 1174 997 1223 et

149 1238 248 1300 rebus
269 1242 477 1323 praesentibus
505 1243 664 1324 adiungit,
680 1257 770 1325 atquc
792 1246 924 1305 adnectit
945 1244 994 1306 su·

151 1334 256 1385 turasr
281 1325 368 1386 facilc
403 1329 493 1388 totius
515 1329 593 1389 ritae
622 1341 744 1388 cursum
766 1328 868 1400 ridet,
889 1327 928 1388 ad
952 1326 996 1366 *⁴

149 1429 283 1489 eamque
304 1410 470 1491 degendam
483 1424 640 1495 praeparat
662 1432 708 1471 res
721 1411 919 1472 necessarias:
941 1434 993 1473 ea·

149 1490 285 1574 demque
318 1508 428 1558 natura
457 1495 484 1554 ri
511 1495 634 1556 rationis
668 1494 820 1555 hominem
853 1496 995 1557 conciliat

148 1577 269 1637 homini
291 1578 381 1638 etad
402 1579 568 1653 orationis,
592 1591 623 1640 et
636 1579 682 1640 ‘ad
704 1579 783 1640 ritae
804 1580 994 1641 societatemc

147 1658 367 1744 ingeneratque
397 1664 432 1725 in
467 1665 570 1745 primis
603 1664 799 1748 praecipuum
831 1664 1015 1745 quemdam

148 1765 284 1806 amorem
300 1747 329 1806 iu
345 1769 397 1807 eos
408 1793 418 1823 ‚
431 1748 486 1828 qui
507 1747 657 1828 procreati
670 1761 759 1812 sunta
783 1748 994 1831 impellitque,

149 1838 189 1885 ut
210 1829 366 1891 homiuum
403 1842 505 1892 coetus
528 1844 558 1891 et
580 1830 794 1892 celebrationes
814 1854 902 1905 esse,
924 1843 955 1890 ct
975 1853 994 1891 a

148 1931 185 1971 se
206 1912 283 1973 obiri
306 1914 403 1976 velit:
426 1914 466 1973 ob
480 1935 590 1996 easque
612 1936 728 1977 caussas
748 1915 866 1978 studeat
886 1935 997 1996 parare

148 2015 191 2055 ea
214 2004 295 2078 quae
312 2022 346 2059 sn
369 1999 505 2081 peditent
526 1997 565 2059 ad
586 1998 702 2059 cultum
714 2045 724 2074 ,
746 2013 777 2062 et
800 1998 837 2059 ad
861 2001 992 2060 rictum:

149 2098 213 2158 nec
236 2080 292 2140 sibi
314 2021 394 2159 soli,
417 2082 467 2143 sed
491 2083 635 2164 coniugi,
656 2082 780 2159 liberis,
802 2083 995 2164 ceterisque,

149 2183 228 2244 quos
251 2187 332 2227 caros
354 2168 485 2242 habeat,
509 2166 648 2248 tuerique
674 2166 792 2229 debeat.
815 2169 902 2244 Quae
923 2188 994 2227 cura

149 2251 313 2310 exsuscitat
326 2251 416 2313 etiam
430 2254 569 2326 animos,
592 2263 622 2310 et
643 2253 769 2312 maiores
799 2250 838 2311 ad
861 2273 922 2311 rem
945 2271 995 2329 gc·
1048 2294 1051 2298 -

77 2401 82 2406 ,
151 2330 279 2393 rendam
302 2333 382 2396 lacit.
399 2335 636 2418 inprimisque,
658 2335 787 2396 hominis
809 2348 853 2394 est
874 2334 993 2417 propria

150 2417 216 2475 reri
238 2415 418 2499 inquisitio,
448 2432 540 2501 atque
569 2418 766 2501 investigatio.
794 2419 901 2500 Itaque
923 2437 992 2476 cum

149 2519 255 2560 sumus
275 2501 445 2562 necessariis
468 2503 616 2585 negotiis,
646 2505 782 2587 curisque
805 2502 913 2576 vacui,
929 2513 993 2560 turn

125 2604 274 2650 *aremus
295 2585 413 2668 aliquid
437 2584 563 2654 ridere,
586 2585 709 2661 audire,
745 2586 914 2648 addiscere:
937 2605 991 2643 co·

149 2667 378 2791 gnitioneruque
400 2692 499 2731 rerum
513 2682 567 2732 aut
587 2669 797 2747 occultarum,
824 2681 877 2729 aut
897 2666 991 2727 admi·

148 2745 292 2812 sabilium
345 2750 385 2790 *⁴*
415 2752 568 2816 adluente
598 2754 759 2816 vivendum
796 2751 1003 2816 necessariam·

146 2832 325 2896 dueimnsc
346 2858 384 2898 ex
419 2860 480 2922 quo
503 2835 706 2921 intelligitur,
742 2836 825 2920 quod
861 2852 987 2905 verum,

144 2917 306 3008 simplex,
327 2920 537 3005 sincerumque
567 2922 627 3001 sit,
651 2922 684 2985 id
705 2945 769 2985 esre
792 2931 914 2983 naturae
936 2915 990 2976 ho-

146 3022 242 3123 :Aul
263 3023 293 3083 *J
311 3041 421 3145 eamque
436 3023 594 3094 degendam.

216 3088 257 3146 ad
271 3089 355 3160 tour,
390 3104 500 3162 cuteque
515 3091 608 3148 vivon.
