2359 3567
419 113 476 154 ura.
499 114 542 154 ιιι.
565 111 628 153 cra.
652 111 685 152 ιι.
878 89 931 151 ιόι

135 188 204 252 est,
227 188 273 236 est
293 176 374 237 enim
397 178 518 239 iniusta.
542 177 648 258 ltaque
671 175 719 235 lex
741 175 803 258 ipsa
827 186 981 247 naturae,

119 281 216 341 ·qnae
239 262 402 321 utilitatem
424 262 581 323 hominnm
605 273 773 335 conservat,
786 270 818 317 et
838 257 981 332 continet,

135 343 272 404 deceruit
294 345 450 428 prolecto,
474 357 507 406 nt
529 345 567 404 ab
589 343 712 404 bomine
745 342 855 419 inerti,
891 355 981 424 atque

136 426 238 489 inutili
260 429 298 489 acl
321 430 508 513 sapientem,
532 428 670 504 bonnm,
693 426 861 509 lortemque
885 427 981 487 sirum

137 510 352 573 transferantur
374 535 419 573 res
440 511 478 573 etl
502 511 661 573 visendum
684 511 887 588 necessariae,
911 511 980 592 qni,

136 596 159 656 si
180 595 346 673 occiderit,
380 595 507 659 multum
530 595 568 657 de
603 598 752 657 communi
775 596 904 657 utilitate
925 594 980 655 cle-

137 680 283 740 traxerite
304 681 395 741 modo
416 684 475 743 hoc
496 681 537 740 ita
560 680 668 756 iaciat,
694 693 725 740 ut
748 703 784 741 ue
805 681 869 764 ipse
891 679 929 738 ‹le
951 701 981 740 se

134 762 211 825 bene
233 764 427 841 existimaus,
449 788 539 848 seque
561 765 686 845 diligens
707 787 725 824 a
749 766 825 825 hanc
847 785 981 826 caussam

135 847 245 909 lrabeat
268 849 305 909 ad
328 851 477 914 iniuriam.
502 850 545 911 lta
570 871 688 933 semper
710 851 806 911 officio
829 848 980 935 iungetur,

134 931 255 993 utilitati
277 935 435 994 cousulens
457 935 637 1008 homiuum,
660 946 690 993 et
711 936 760 1009 ei,
778 957 867 1018 qnam
892 955 981 1015 saepe

131 1038 355 1095 commemoro,
389 1019 536 1079 hnmanae
564 1018 708 1078 societati.
744 1020 818 1080 Nam
840 1016 922 1101 qnod
942 1017 981 1077 ad

130 1098 283 1162 ⁴Phalarim
307 1104 437 1179 attinet,
468 1101 608 1186 perfacile
644 1101 790 1167 iudicium
812 1116 867 1164 est.
889 1101 981 1163 Nulla

133 1184 213 1245 euim
236 1187 321 1247 uobis
353 1209 421 1247 cnm
458 1189 589 1270 tyrannis
624 1188 772 1262 societas,
806 1187 857 1247 sed
881 1186 980 1268 potiu's

71 1272 74 1276 ’
133 1290 248 1330 summa
270 1269 422 1332 distractio
444 1284 512 1343 est,
535 1293 634 1353 neque
656 1283 701 1331 est
724 1284 826 1331 contra
843 1283 980 1331 naturam

130 1355 259 1436 spoliare
281 1364 373 1432 eum,
396 1356 419 1415 si
441 1357 552 1438 possis,
575 1377 666 1438 quem
682 1355 841 1415 honestum
856 1366 901 1414 est
924 1375 977 1412 ue·

132 1459 220 1497 care:
246 1452 336 1521 atque
359 1441 415 1500 hoc
438 1463 526 1501 omne
549 1460 642 1521 genus
664 1439 861 1522 pestiferum,
889 1451 979 1520 atque

129 1520 257 1604 impium
279 1546 316 1585 ex
349 1524 507 1585 hominnm
541 1526 756 1586 communitate
777 1524 979 1585 exterminan-

131 1604 203 1666 dum
225 1621 279 1668 est.
302 1608 422 1669 Etenim
445 1621 478 1668 ut
501 1609 637 1671 membra
659 1608 804 1694 quaedam
817 1622 978 1691 amputau-

126 1702 203 1767 tur,
228 1693 303 1752 siet
335 1694 398 1778 ipsa
433 1694 596 1776 sangnine,
630 1707 662 1756 et
685 1708 838 1777 tamquam
870 1692 978 1777 spiritu

129 1796 232 1836 carere
261 1790 442 1861 coeperunt,
480 1792 511 1840 et
543 1792 653 1840 nocent
687 1779 809 1861 reliquis
842 1778 979 1862 partibus

130 1861 285 1941 corporis,
318 1863 358 1922 sic
388 1864 444 1922 ista
467 1863 498 1923 in
521 1862 615 1944 figura
646 1864 774 1924 hominis
803 1864 925 1937 feritas,
947 1875 978 1922 et

130 1943 300 2005 immanitas
320 1945 441 2007 bellnae
462 1948 645 2008 acommnni
662 1961 812 2030 tamqnam
836 1948 976 2008 hnmani·

131 2040 193 2086 tate
214 2031 349 2114 corporis
370 2030 549 2115 segreganda
571 2044 626 2092 est.
652 2032 750 2094 Huius
771 2032 886 2115 generis
908 2045 978 2091 snut
1059 2111 1061 2113 Ι
1119 2084 1126 2095 ,

130 2113 321 2193 quaestiones
343 2139 449 2179 omues
480 2139 555 2191 eae,
585 2118 617 2176 in
650 2118 759 2198 quibus
781 2140 820 2180 ex
841 2129 976 2198 tempore

130 2195 263 2258 officium
293 2204 471 2283 exquiritur.
508 2199 662 2261 Eiusmodi
700 2201 789 2283 igitur
816 2200 976 2262 crederes

131 2279 308 2346 Panaetium
330 2299 535 2369 persectnrnm
559 2284 658 2361 luisse,
672 2286 727 2346 uisi
748 2285 845 2368 aliqui
865 2307 974 2362 casus,

129 2378 184 2424 ant
221 2372 377 2455 occupatio
406 2371 564 2432 consilinm
609 2372 672 2433 eins
714 2372 895 2454 peremisset.
927 2369 975 2429 ,td

132 2476 207 2536 quas
228 2453 305 2536 ipsas
326 2450 557 2517 consultationes
590 2478 629 2517 ea
659 2456 863 2538 superioribus
890 2453 977 2515 libris

130 2540 201 2599 satis
222 2539 318 2600 multa
339 2556 500 2622 praecepta
522 2550 608 2617 scint,
631 2540 741 2623 quibus
756 2540 882 2623 perspici
905 2560 977 2620 pos-

131 2623 193 2698 sit,
217 2623 290 2703 quid
313 2612 350 2685 sit
383 2637 505 2709 propter
539 2623 753 2708 turpitudinem
777 2622 973 2705 fugiendum

131 2707 206 2790 quid
227 2707 266 2773 sit
286 2707 317 2769 id
346 2709 428 2794 quod
462 2708 573 2773 idcirco
608 2709 781 2797 fugiendum
817 2729 876 2768 non
911 2707 974 2782 sit,

123 2922 148 2959 -ιι
165 2904 313 2983 Generum,
331 2908 401 2962 illest
416 2917 598 2981 praetextum,
615 2919 642 2964 et
658 2906 867 2963 commentitiam
884 2903 980 2959 defen*

121 3024 128 3031 ..
198 2991 311 3030 nouem.
548 3010 551 3014 -
852 2992 855 2997 ’
