2359 3567
255 131 315 197 286
464 153 495 195 ιι
518 154 545 196 r.
568 154 595 195 c.
619 155 689 195 carc
709 118 801 195 aaron

210 219 346 280 omuium
368 227 445 276 essct
466 218 544 278 sama
565 221 764 280 consentiens
786 220 901 295 Quem
911 216 1057 281 virum!

128 298 131 305 ¹
212 303 352 364 Crassum
372 322 467 382 nuper
488 294 662 382 pontificem
685 305 876 378 maximum
900 324 1058 386 quempo·

214 399 276 446 stes
301 386 341 446 Μ.
365 384 514 466 Lepidum
546 386 653 445 eodem
689 386 857 447 sacerdotio
887 386 1057 469 praeditum
1118 414 1121 419 >

126 543 133 553 ε
215 470 359 531 vidimus?
383 468 464 545 Quid
487 468 527 527 de
547 469 667 545 Paullo,
690 483 743 529 aut
764 470 910 530 Africano
933 470 1059 551 loquar?
1088 536 1090 544 A

214 569 293 623 aut
319 565 351 614 ut
375 555 448 612 iam
456 566 549 628 note,
572 553 610 611 de
634 553 796 614 Maximo?
830 554 966 630 Quorum
998 577 1058 612 uon

213 638 247 699 in
269 638 412 699 sententia
435 638 547 711 scium,
570 635 621 698 sed
643 638 734 698 etiam
752 641 787 697 ¹in
811 651 886 696 nutu
900 637 1058 699 residebat

179 764 181 767 .
215 722 388 784 auctoritas.
413 720 511 780 Habet
534 734 681 793 senectus,
703 722 852 782 honorato
865 725 1058 802 praesertim,

115 834 130 845 ·
216 819 331 869 tantam
361 804 568 865 anctoritatem
614 818 650 865 ut
682 827 720 864 ea
753 805 847 888 pluris
881 805 919 864 sit
936 826 1058 886 ‚quam

169 908 174 914 '
219 912 325 951 omnes
346 888 565 948 «adolescentiae
601 888 780 971 voluptates
815 888 916 948 Sed
906 906 938 948 tn
967 891 1059 973 omni

220 976 361 1034 oratione
385 985 582 1048 mementote,
604 994 623 1031 a
644 994 709 1033 eam
733 995 780 1033 me
813 972 938 1033 laudare
974 995 1060 1032 sene·

119 1124 124 1133 ⁴
215 1070 348 1133 ctutem,
371 1077 452 1138 quae
475 1056 676 1117 fundamentis
708 1056 924 1117 adolescentiae
946 1057 1057 1117 consti·

217 1152 282 1203 tuta
304 1144 355 1201 'sit
378 1141 423 1200 Ex
444 1162 510 1226 quo
526 1142 556 1200 id
581 1141 733 1216 efficitur,
756 1141 838 1224 quod
859 1164 914 1225 ego
951 1162 1059 1235 magno

218 1225 373 1308 quondam
395 1244 462 1285 cum
485 1246 603 1285 assensu
634 1227 767 1286 omnium
797 1225 882 1300 dixi3
920 1222 1066 1286 miseram

217 1324 279 1370 esse
301 1321 518 1393 senectutem,
535 1331 614 1391 quae
650 1309 839 1375 sacratione
874 1308 1059 1370 defenderet.

219 1394 401 1468 Naurum,
424 1412 485 1455 non
508 1416 598 1475 rugae
625 1407 749 1475 repente
777 1395 989 1454 auctoritatem
1018 1393 1062 1452 as·

217 1478 297 1539 serre
320 1491 463 1560 possunt:
487 1478 539 1538 sed
563 1478 688 1540 honeste
716 1490 781 1539 acta
816 1480 954 1561 superior
981 1486 1062 1537 a'etas

220 1562 340 1623 fructus
361 1562 443 1644 capit
464 1563 651 1622 auctoritatis
674 1574 834 1621 extremos
863 1562 946 1622 Haec
981 1562 1062 1621 enim

220 1646 288 1730 ipsa
311 1658 380 1706 sunt
402 1646 611 1720 honorabilia,
635 1668 713 1728 quae
734 1645 872 1705 videntur
894 1645 991 1719 levia,
1015 1658 1060 1705 at·

210 1798 213 1807 ,
242 1753 280 1791 ue
302 1732 471 1791 communia
495 1731 618 1790 salutari
629 1731 775 1812 ‚appeti·,
799 1729 915 1792 decedi.
939 1731 1062 1812 assurgi,

173 1875 175 1880 ,
218 1753 356 1891 deduci,
379 1813 507 1891 reduci,
530 1815 661 1875 consuli:
685 1837 763 1898 quae
784 1828 815 1874 et
835 1814 915 1896 apud
938 1836 1011 1891 nos,
1033 1825 1064 1874 et

219 1900 253 1961 in
276 1900 342 1959 aliis
363 1899 560 1976 civitatibus,
583 1913 617 1959 ut
637 1921 778 1981 quaeque
799 1900 913 1980 optime
935 1911 1061 1973 morata,

218 1982 512 2064 ita‘diligentissime
533 1984 742 2044 observantur.
764 1981 950 2064 Lysandrum
964 1984 1061 2043 Lace·

220 2068 428 2143 daemonium,
450 2070 534 2129 cuius
558 2068 646 2128 modo
669 2068 852 2128 mentionem
876 2066 945 2134 ieci,
961 2067 1062 2126 dicere

220 2152 307 2213 aiunt
328 2152 473 2226 solitum,
494 2153 761 2214 dLacedacmone
790 2173 861 2211 esse
888 2151 1060 2211 honestissi-

220 2257 303 2298 mum
336 2236 523 2301 domicilium
561 2238 746 2298 senectutis.
792 2257 941 2326 nusquam
983 2236 1061 2294 enim
1109 2264 1113 2269 ·

222 2331 340 2381 tanturm
373 2320 522 2381 tribuitur
550 2325 668 2398 aetati,
706 2341 860 2420 nusquam
875 2332 937 2380 est
981 2342 1062 2378 sene·

222 2418 292 2466 ctus
313 2408 495 2467 honoratior.
519 2407 602 2486 Quin
623 2406 713 2467 etiam
734 2426 898 2465 memoriae
909 2403 1061 2487 proditum

153 2542 162 2556 ,
208 2503 290 2571 ¹est,
315 2509 410 2570 quum
432 2493 571 2573 Athenis,
594 2491 690 2563 indis
711 2489 864 2572 quidam
856 2512 888 2554 ιιι
912 2490 1061 2548 theatrum

92 2581 95 2585 ’
159 2644 160 2647 ¹
222 2575 344 2655 grandis
366 2589 438 2636 natu
462 2578 603 2648 uenisset,
624 2578 657 2634 in
679 2596 787 2657 magno
808 2592 948 2635 consessu
963 2575 1062 2633 locum

222 2660 249 2718 ei
270 2683 287 2719 a
311 2658 370 2718 suis
391 2662 506 2721 civibus
527 2682 675 2742 nusquam
696 2660 825 2723 datum:
848 2679 941 2740 quum
963 2670 1062 2718 autem

221 2739 261 2802 ad
286 2738 537 2809 Lacedaemonios
560 2747 754 2823 accessisset,
778 2745 829 2827 qui
853 2743 942 2826 legati
969 2764 1062 2823 quum
1115 2774 1117 2777 ·
1165 2780 1166 2787 ι

220 2841 334 2907 essent,
358 2829 389 2891 in
410 2817 478 2890 loco
501 2842 582 2891 certo
605 2829 824 2906 consederant,
844 2827 1061 2889 consurrexisse

158 3021 163 3029 s
222 2988 240 3022 ιι
257 2969 416 3021 Cuiusmodi
429 2980 549 3025 senectus
561 2971 696 3023 laudetur.

219 3036 335 3154 *Apdud
352 3037 561 3157 ffiaedemones
585 3035 804 3098 honestissimum
832 3046 890 3093 erat
919 3038 1060 3101 senectutis

309 3119 362 3160 omi
401 3122 458 3161 lunt
