2359 3567
409 159 467 199 mu.
491 157 539 197 ιιι.
560 155 623 195 cnr.
638 134 692 194 tn.
866 134 938 199 165r

120 241 183 290 tum
205 228 238 288 in
255 223 420 287 eonsilium
445 238 595 307 pastorum
618 247 647 283 se
660 222 781 304 recepit.
806 222 852 286 lbi
875 249 969 309 quum

120 314 222 396 palam
243 333 262 370 a
284 312 349 370 eius
371 309 454 370 anuli
480 309 518 369 ad
550 310 681 392 palmam
714 322 925 388 converterat,
948 335 967 373 a

86 384 94 405 ’
119 398 206 457 nullo
221 396 402 471 videbatur,
419 395 482 477 ipse
498 407 598 454 autern
613 394 713 454 omnia
731 392 872 456 ridebat:
888 395 969 476 idem

118 503 222 542 rursus
244 478 423 555 videbatur,
445 500 538 562 quum
555 478 586 538 in
601 480 699 540 locum
714 478 848 539 'anulum
867 481 967 543 inser·

62 565 69 577 ‘
119 574 206 626 terat.
230 564 337 644 ltaque
360 564 414 623 bac
436 563 660 646 opportunitate
679 562 766 633 ,anuli
788 584 870 640 usus,
890 568 968 649 regi-

119 672 177 709 nae
201 648 485 730 stuprumintulit3
507 670 604 730 eaque
626 645 771 728 adjutrice
787 670 887 730 regem
909 651 966 711 do·

118 735 234 794 minum
257 732 425 792 interemit:
455 732 575 792 sustulit
594 754 673 815 quos
695 733 814 791 obstare
836 734 965 796 arbitra·

117 817 218 879 batur.
242 816 303 877 Nec
325 817 358 876 in
380 817 425 891 bis
446 817 605 898 quisquam
627 839 696 877 eum
713 817 895 878 facinoribus
911 826 968 903 po·

119 903 177 962 tuit
202 900 314 961 sidere.
337 901 387 960 Sic
409 914 533 983 repente
555 901 641 962 anuli
663 900 812 962 beneficio
834 924 889 964 rer
910 925 965 979 en·

117 998 200 1046 ortus
221 998 266 1044 est
289 985 414 1068 Lydiae.
437 986 526 1047 Hunc
558 987 649 1067 igitur
676 986 922 1068 ipsum‘anulum
943 988 968 1048 si

116 1069 230 1130 babeat
251 1072 391 1152 sapiens,
413 1070 492 1135 nihil
515 1071 583 1154 plus
604 1071 661 1130 sibi
684 1072 773 1132 licere
787 1083 873 1154 putet
894 1095 981 1155 pec··
1014 1139 1023 1145 ,

115 1177 204 1228 care,
226 1175 318 1235 quum
340 1154 365 1214 si
387 1162 448 1214 bon
471 1155 605 1216 liaberet.
628 1155 762 1217 Honesta
784 1156 864 1217 enim
879 1156 967 1218 bonis
1071 1175 1075 1182 ‘

116 1238 210 1314 viris,
234 1259 295 1298 non
318 1238 437 1299 occulta
467 1250 666 1322 quaeruntur.
697 1240 798 1321 Atque
819 1240 877 1301 hoe
900 1239 968 1303 locu

115 1323 294 1405 philosophi
315 1318 465 1405 quidam,
487 1323 612 1384 minime
634 1323 726 1400 mali,
750 1323 796 1384 illi
825 1323 971 1405 quidem,

116 1407 166 1467 sed
192 1428 253 1469 non
276 1407 348 1467 satis
369 1408 474 1484 acuti,
504 1407 631 1486 fictam,
660 1420 752 1490 atque
787 1413 966 1473 commenti-

116 1491 190 1552 tiam
214 1491 347 1553 fabulam
369 1493 473 1554 dieunt
496 1494 644 1576 prolatam
666 1515 684 1553 a
705 1494 857 1555 Platone:
882 1498 969 1578 quasi

114 1574 187 1638 iero
211 1575 266 1635 ille
287 1588 340 1637 aut
362 1577 474 1639 sactum
497 1578 529 1638 id
551 1601 631 1654 esse,
665 1590 725 1638 aut.
748 1578 813 1638 fieri
834 1582 967 1660 putuisse

115 1659 269 1721 defendat.
293 1662 311 1721 b
333 1662 415 1723 Haec
446 1675 491 1722 est
512 1664 555 1723 sis
576 1663 667 1725 huius
689 1662 794 1740 anuli,
816 1678 847 1724 et
878 1667 967 1728 buius

20 1760 22 1767 ‘
115 1746 252 1828 exempli
274 1744 403 1807 sinemo
425 1744 576 1823 sciturus,
599 1769 688 1809 nemo
710 1771 748 1809 ne
762 1750 967 1831 suspicaturus
997 1814 1002 1821 s

114 1829 241 1911 quidem
263 1831 321 1905 sit,
345 1854 436 1914 quum
459 1832 577 1916 aliquid
592 1831 775 1909 divitiarum,
792 1837 968 1915 potentiae,

114 1913 353 1993 dominationis,
377 1917 514 1986 libidinis
527 1939 617 1978 causa
639 1918 765 1992 leceris,
787 1917 814 1976 si
836 1918 867 1979 id
889 1920 966 1997 Diis,

114 1998 351 2082 hominibusque
375 2001 510 2063 suturam
527 2002 566 2062 sit
580 2023 698 2084 semper
714 2001 866 2084 ign-otum,
889 2003 966 2067 sisne
1050 2062 1057 2066 .

113 2082 259 2145 lauturus.
295 2085 411 2168 Negant
432 2086 463 2147 id
488 2087 551 2148 lieri
579 2108 674 2170 posse.
695 2088 886 2168 Quamquam
907 2111 964 2172 pu·

115 2179 171 2228 test
193 2169 227 2229 id
248 2169 383 2252 quidem.
405 2171 464 2232 Sed
487 2194 623 2256 quaero,
639 2170 721 2253 quod
736 2183 845 2252 negant
866 2195 964 2258 posse,

113 2251 145 2313 id
168 2254 192 2313 si
217 2268 333 2336 posset,
355 2256 501 2338 quidnam
535 2255 692 2319 lacerent?
715 2255 830 2337 Vrgent
851 2261 964 2320 rustice

113 2357 203 2396 saner
228 2353 338 2421 negant
371 2343 454 2402 enim
483 2363 590 2425 posse,
630 2356 661 2402 et
695 2342 727 2401 iu
761 2363 797 2400 eo
819 2356 966 2425 perstante

113 2420 182 2482 Hoc
205 2423 331 2485 verbum
366 2425 441 2507 quid
476 2426 598 2498 valeat,
629 2450 688 2487 non
723 2427 839 2488 vident.
858 2429 963 2504 Quum

113 2506 196 2564 enim
219 2511 413 2589 quaerimus,
436 2509 461 2570 si
484 2512 597 2593 possint
618 2512 739 2585 celare,
761 2510 836 2593 quid
857 2512 964 2577 tacturi

112 2591 195 2651 sints
216 2613 277 2652 non
310 2596 510 2677 quaerimus,
545 2598 661 2678 possint
693 2618 730 2656 ne
767 2596 886 2655 celare:
907 2590 962 2657 sed
991 2595 993 2597 ’
1060 2620 1068 2627 ‘¹

6 2694 7 2719 ³
113 2684 270 2758 tamquam
293 2690 443 2741 tormenta
465 2681 613 2762 quaedam
636 2680 836 2757 adhibemus,
859 2692 914 2757 ut,
935 2680 962 2743 si

112 2884 130 2920 a
147 2863 232 2929 Pala,
251 2883 351 2933 massa,
370 2885 424 2937 qua
441 2867 517 2920 anuli
535 2883 636 2936 gomma
654 2866 797 2919 clauditun

6 2928 7 2933 ’
112 2934 129 2985 b
146 2934 201 2991 Cui
221 2935 260 2985 rei
277 2936 385 2993 fabulas
402 2937 560 3009 fingantur,
587 2951 683 3006 nempe
713 2940 749 2986 ut.
760 2929 878 2999 exempla
894 2932 960 2998 pro·

181 3010 329 3069 ponantur.
