2359 3567
395 216 530 272 simus,
552 215 599 256 sur
620 213 658 254 aa
679 211 759 253 susc.
892 211 957 273 azy

155 301 314 362 ragemun
337 300 454 362 semper
475 279 572 353 adsit,
595 277 747 338 cunctatio
778 271 880 349 absit3
902 277 1001 338 consi·

154 366 229 424 lium
252 387 323 424 reru
344 366 415 424 dare
436 364 616 449 gaudeamus
639 361 752 420 libere:
776 358 942 439 plurimum
963 359 998 419 in

95 494 97 499 ,
155 448 288 508 amicitia
309 449 471 509 amicornm
492 448 569 507 bene
593 445 780 509 suadentium
819 441 913 502 valeat
937 455 997 502 au·
1093 450 1097 467 ¹

156 524 299 606 cturitas3
322 545 352 591 et
373 531 551 593 adhibeatur
575 522 616 590 ad
637 528 816 588 mouendum
837 549 895 586 nou
910 526 1001 585 modu

156 608 282 696 aperte,
305 614 357 674 sed
378 618 469 676 etiam
490 616 597 676 acriter
611 616 666 693 ,si
688 635 735 672 res
763 610 947 693 postulabit3
969 622 1001 669 et

157 696 311 780 adhibitae
334 712 483 782 pareatur.
506 698 580 759 Nam
597 695 801 778 quibusdam,
825 692 1003 775 quusaudio

157 784 307 862 sapientes
329 783 446 842 habitos
467 783 498 842 in
527 782 679 855 Graecia,
714 778 858 861 placuisse
893 779 1001 859 opinur

157 864 310 925 mirabilia
331 865 498 947 quaedam:
522 867 573 925 sed
596 865 671 926 nihil
685 872 761 939 est,
784 862 866 944 quod
879 862 924 919 itii
942 882 1003 921 nun
1068 894 1072 901 =

156 962 378 1029 persequantur
405 951 466 1011 suis
497 950 643 1035 argutiis,
678 949 811 1030 partim,
847 943 1006 1027 fugiendas
1072 964 1079 979 ·

156 1052 220 1090 esse
243 1032 348 1092 nimias
369 1036 532 1108 amicitias,
556 1057 594 1094 ne
616 1054 734 1092 necesse
756 1035 793 1089 sit
815 1053 907 1090 unum
931 1029 1002 1087 suli·

158 1112 251 1175 citum
274 1137 339 1175 esse
358 1139 412 1197 pru
434 1117 569 1200 pluribus
585 1141 594 1176 ε
617 1117 691 1175 satis
703 1135 850 1196 superque
866 1135 928 1174 esse
943 1112 1002 1173 sihi

159 1219 280 1258 suarum
302 1200 414 1280 cuique
434 1223 554 1272 rerum,
588 1198 696 1259 alienis
728 1198 816 1256 nimis
852 1196 1003 1280 implicari

158 1281 318 1340 molestum
339 1306 423 1345 esse:
446 1283 717 1345 commodissimum
747 1303 808 1340 esse
831 1303 920 1360 quarn
956 1284 1002 1341 la-

159 1364 295 1425 xissimas
332 1364 462 1427 habenas
498 1368 609 1429 habere
641 1365 811 1435 amicitiae,
846 1387 920 1445 quas
952 1364 1003 1424 rel

159 1447 313 1523 adducas,
336 1460 428 1530 quum
451 1452 547 1525 velis,
569 1451 615 1511 vel
639 1451 779 1509 remittas.
803 1448 901 1529 Caput
922 1450 1003 1510 euim

160 1552 222 1590 csse
244 1532 283 1591 ad
304 1531 390 1593 beate
413 1534 573 1595 vivendum
610 1533 818 1612 securitatem
853 1554 912 1612 qua
945 1532 1004 1616 irui

160 1636 220 1674 nun
243 1616 334 1697 pussit
356 1619 494 1694 animus,
517 1619 541 1677 si
569 1632 618 1678 tan
644 1640 710 1677 uam
747 1616 893 1699 parturiat
927 1639 1006 1677 unus

77 1728 80 1732 ¹
152 1706 216 1783 'pro
237 1698 387 1780 pluribus.
410 1702 493 1762 Alios
525 1641 761 1846 autemwe
796 1701 880 1759 aiunt
913 1701 1004 1761 etiam

137 1782 256 1841 multo
277 1782 468 1847 inhumanius
491 1790 605 1868 (quem
770 1783 913 1853 breviter¹
938 1808 1006 1869 per·

161 1865 268 1924 strinxi
302 1870 406 1950 paulic
442 1876 534 1945 antei
573 1870 736 1952 praesidii,
776 1867 1007 1950 adiumentique

117 2018 122 2027 ι
162 1969 263 2008 caussa
279 1996 288 2025 ,
310 1974 374 2012 non
386 1953 632 2028 benevolentiae,
655 1974 753 2034 neque
769 1952 917 2027 caritatis,
932 1954 1007 2012 ami-

163 2031 248 2092 citias
269 2054 331 2093 esse
351 2038 542 2119 expetendas.
566 2040 698 2118 ltaque,
721 2049 755 2096 ut
786 2036 913 2117 quisque
947 2036 1005 2095 mi·

164 2115 279 2176 nimum
301 2119 445 2180 firmitatis
467 2121 599 2196 habeat,
624 2121 841 2199 minimumque
872 2119 1006 2198 virium,

116 2208 118 2213 ’
164 2199 206 2258 ita
228 2201 373 2262 amicitias
394 2216 533 2285 appetere
556 2204 692 2264 maxime.
716 2203 762 2263 Ex
791 2224 827 2261 eo
850 2203 937 2278 fieri,
972 2215 1007 2263 ut
1105 2254 1107 2257 .

65 2365 68 2371 Ι
165 2281 358 2345 mulierculae
379 2287 472 2367 magis
497 2288 694 2348 amicitiarum
729 2285 876 2369 praesidia
908 2308 1004 2366 quae·
1061 2348 1067 2357 ,

165 2379 252 2442 rant,
275 2391 365 2467 quam
388 2371 464 2446 viri3
489 2383 519 2431 et
541 2371 665 2454 inopes,
687 2393 777 2453 quam
799 2369 951 2452 opulenti,
974 2381 1006 2428 et

166 2451 357 2529 calamitosi,
388 2475 480 2535 quiam
513 2455 557 2533 ii,
592 2457 644 2537 qui
678 2468 822 2536 putentur
854 2451 944 2510 lreati.
978 2452 1007 2512 0

167 2535 351 2615 praeclaram
372 2539 566 2620 sapientiam!
589 2561 609 2598 a
630 2540 731 2598 Solem
757 2538 837 2598 enim
858 2558 876 2594 a
894 2534 1009 2595 mundu

132 2632 135 2638 '
168 2619 275 2705 tollere
298 2620 459 2697 videntur,
478 2624 530 2702 qui
552 2623 752 2684 amicitiame
782 2623 840 2680 rita
874 2618 1006 2680 tolluuta

167 2723 266 2782 quaa
288 2701 345 2787 diis
366 2705 586 2766 immortalibus
609 2705 684 2767 nihil
707 2706 813 2784 mellus
841 2703 1010 2777 habemus,

167 2783 244 2843 nihil
268 2786 438 2849 iucundius.
459 2790 546 2868 Quae
567 2801 612 2850 est
644 2790 725 2849 enim
759 2789 813 2847 ista
844 2789 1006 2861 securitas,

166 2870 265 2949 specie
287 2870 410 2952 quidem
431 2872 570 2950 blanda,
593 2871 644 2932 sed
671 2893 776 2953 reapse
798 2868 900 2928 multis
928 2868 1008 2939 ,loeis
1058 2930 1062 2935 ,

168 3000 186 3036 a
202 2968 325 3038 setena
343 2989 443 3043 munito
460 2989 552 3048 tollere
578 2988 724 3054 videntur,
749 2985 797 3054 qui
822 2981 968 3037 amicitiam
993 2996 1010 3035 ο

201 3052 256 3114 'rita
274 3054 381 3110 tollunt
477 3118 480 3123 ‚
