2359 3567
244 237 307 302 aia
497 258 530 300 n.
552 260 581 303 r.
603 257 748 303 uernonn

199 343 250 385 ons
272 323 327 399 sis,
349 341 417 383 enm
438 320 544 387 iisdem
565 324 604 384 ad
627 326 756 401 calcem,
771 337 807 386 ut
827 324 954 402 dicitnr,
968 348 1040 410 per-

196 407 308 467 venire.
331 404 393 466 sed
415 407 556 487 quoniam
580 428 627 467 res
648 409 797 470 humanae
820 409 965 490 fragiles,
987 435 1040 472 ca·

196 487 352 571 duraeque
373 503 462 565 sunt,
491 494 610 572 semper
628 491 723 573 aliqui
743 493 923 573 anquirendi
945 508 1039 572 sunt,

196 590 272 655 quos
293 572 473 655 diligamus,
495 587 526 633 et
547 595 565 634 a
586 574 696 655 quibus
717 576 885 657 diligamur.
907 575 1039 638 Caritate

77 664 90 683 ²
196 658 297 731 enim,
320 656 590 738 benerolentiaque
612 657 753 735 sublata,
775 660 872 719 omnis
885 671 931 719 est
945 682 963 719 e
979 661 1038 721 rita

196 740 314 800 sublata
335 739 514 801 iucunditas.
538 739 612 802 Mihi
633 742 757 823 quidem
788 743 910 825 Scipio,
943 763 1040 824 quan·

196 843 286 904 quam
309 835 353 884 ast
375 823 474 884 subito
496 837 641 908 ereptus,
665 827 736 886 vivit
760 837 881 900 tamen,
904 847 1037 907 semper·

195 926 255 988 qne
276 905 364 968 rivet.
385 905 537 971 Virtutem
559 909 641 969 enim
654 909 749 970 amari
764 908 845 968 illins
861 908 938 984 riri,
960 929 1039 989 quae

192 989 342 1057 exstincta
364 1012 424 1051 non
447 1006 514 1054 esta
548 1013 604 1053 nee
637 992 711 1052 mihi
738 991 793 1051 soii
816 1005 948 1053 versatur
968 1006 1040 1055 ante

194 1073 319 1150 oeulos,
341 1074 393 1157 qui
416 1074 500 1137 iilam
521 1094 639 1159 semper
653 1077 685 1137 in
699 1074 836 1136 manibus
858 1076 970 1150 habui,
986 1075 1040 1136 sed

196 1158 287 1218 etiarn
307 1159 434 1241 posteris
454 1160 512 1221 erit
532 1156 635 1237 clara,
658 1173 689 1220 et
711 1158 843 1240 insignis.
866 1158 961 1220 Nemo
983 1171 1040 1218 un·

195 1262 285 1324 quam
308 1243 429 1321 animo,
451 1257 503 1304 aut
525 1264 579 1326 spe
600 1243 711 1304 maiora
733 1242 890 1318 susciniet,
907 1243 961 1324 qni
982 1240 1040 1301 sibi

195 1346 254 1385 non
278 1326 360 1387 ittius
382 1329 582 1402 memoriam,
617 1340 711 1408 atque
741 1326 899 1408 imaginem
927 1346 1038 1408 propo-

149 1420 154 1429 '
195 1407 329 1470 nondam
353 1422 447 1492 putet.
470 1410 618 1494 Equidem
633 1433 673 1471 ex
686 1410 826 1471 omnibus
841 1409 948 1483 rebus,
964 1429 1040 1488 quas

194 1493 271 1554 mihi
292 1504 345 1555 aut
367 1492 510 1571 fortuna,
533 1506 586 1555 aut
608 1507 713 1554 natura
737 1492 864 1568 tribuit,
885 1491 960 1552 nihit
975 1492 1041 1551 ha·

193 1574 278 1653 beo,
300 1577 473 1659 quodcum
495 1577 628 1638 amicitia
648 1576 793 1659 Scipionis
814 1577 923 1659 possim
954 1597 1039 1635 eom·

217 1682 313 1723 arare.
336 1660 371 1725 Iu
395 1661 546 1723 heumihi
577 1661 617 1721 de
652 1660 761 1741 repub.
790 1680 973 1734 consensus,
1007 1659 1041 1720 ia

194 1680 377 1806 [aerarum
398 1747 580 1828 privatarum
601 1745 780 1819 eonsilium
808 1743 840 1804 in
862 1744 968 1804 eadem
991 1764 1040 1803 re·
1074 1765 1076 1770 ’

196 1828 282 1909 quies
305 1829 394 1910 plena
415 1829 625 1891 oblectationis
655 1828 734 1889 suits
764 1849 919 1909 nunquam
952 1824 1041 1886 ilium

194 1931 235 1970 ne
261 1908 384 1973 minima
411 1913 534 1993 quidem
563 1935 597 1973 re
630 1911 766 1987 offendi,
800 1910 880 1992 qnod
916 1909 1042 1991 quidem

195 1996 356 2069 senserim,
379 1995 457 2057 nihtt
477 1996 578 2058 audivi
598 2019 639 2061 ex
660 2017 698 2055 eo
718 1997 797 2079 ipse,
810 1992 892 2076 quod
914 1992 1040 2055 nollem.

197 2075 273 2139 Una·
289 2079 397 2140 domus
418 2094 506 2158 erat,
536 2079 618 2140 idem
640 2081 759 2155 rietus,
790 2079 874 2160 isque
902 2097 1039 2145 commu-

193 2160 263 2223 nis.-
285 2185 385 2246 neque
407 2163 502 2226 solum
527 2164 655 2240 militia,
676 2163 729 2224 sed
751 2163 841 2223 etiam
864 2161 1040 2242 peregriua*-

194 2245 313 2323 tiones,
348 2248 614 2330 rusticationesque
644 2268 828 2314 communes.
862 2244 936 2305 Nam
965 2241 1040 2325 quid

148 2344 151 2345 ’
194 2348 249 2412 ego
270 2329 309 2391 de
331 2329 437 2393 studiis
451 2331 548 2394 diuam
561 2330 756 2412 cognoscendi
772 2350 890 2412 semper
904 2326 1041 2409 aliquid,

192 2425 285 2495 atque
307 2414 472 2476 discendi?
495 2418 527 2477 in
550 2416 661 2497 quibus
682 2415 787 2476 remoti
809 2413 848 2473 ab
870 2412 967 2491 oeulis
988 2431 1040 2492 po·

192 2499 259 2578 puli
280 2520 369 2560 omne
387 2488 519 2561 otioirtm
540 2512 657 2581 tempus
673 2498 876 2560 contrivimus.
902 2497 1040 2574 Quarum

193 2601 297 2642 return
320 2583 504 2658 recordatio,
527 2595 558 2644 et
579 2584 743 2657 memoria,
766 2583 871 2642 sinna
893 2601 962 2639 cum
985 2576 1040 2639 itta

194 2664 360 2741 occidisset,
374 2667 556 2728 desiderium
571 2666 819 2740 coniunctissimi,
834 2676 924 2745 atque
937 2683 1039 2723 arnan·

194 2747 298 2809 tissimi
321 2751 375 2810 viri
397 2751 476 2812 serre
498 2751 582 2812 nullo
612 2749 702 2811 modo
734 2770 861 2833 possem.
895 2746 952 2806 Sed
980 2765 1038 2805 nee

193 2829 249 2893 itta
270 2835 417 2894 exstincta
439 2847 524 2906 sunt,
539 2836 724 2915 alunturque
746 2835 866 2917 potius,
882 2843 913 2902 et
928 2847 1040 2909 augen-

129 2990 133 2995 Δ
193 2924 244 2975 tur
265 2916 467 2998 cogitatione,
489 2932 519 2978 et
542 2918 710 2999 man10r3a3
734 2931 783 2991 et,
805 2919 830 2977 si
854 2917 944 2997 plane
965 2914 1038 2987 iliis,

141 3024 147 3032 ·
192 2998 315 3057 orbatus
330 3023 438 3077 essem,
453 3023 595 3083 maguum
618 3016 718 3065 tamen
731 3001 854 3064 afferret
870 3000 943 3059 mihi
957 3011 1038 3076 aetas

193 3077 258 3162 ipse
278 3083 437 3150 solatiumr
461 3086 572 3153 diutius
595 3085 678 3152 enim
698 3087 760 3175 jam
781 3088 815 3155 in
835 3087 894 3153 hoc
916 3080 1037 3169 deride·
