2359 3567
192 228 195 231 ,
238 163 294 237 188
422 185 454 226 rs.
476 184 504 226 r.
525 184 622 229 crees.
643 184 681 227 ur
703 183 799 230 orrrc.
831 177 839 180 ’

191 262 284 325 esset,
307 267 367 309 uon
388 246 519 310 ridebat.
541 249 555 310 l
579 271 609 310 se
630 262 731 310 nutem
753 269 837 311 socer
847 247 879 326 iu
893 269 946 310 ore
956 267 1038 311 sens·

190 354 246 418 per
268 330 402 394 Graecus
424 352 526 393 versus
548 271 585 393 de
608 333 779 395 Phoenissis
791 332 933 413 habebat,
953 354 1037 415 quos
1118 346 1121 350 ’

191 416 288 479 diuum
310 429 344 477 ut
367 429 497 498 poter03
523 416 675 478 incondite
697 419 843 496 tortasse,
857 418 909 479 sed
930 430 1035 480 temen

190 511 226 560 ut
245 522 292 561 res
313 501 404 583 possit
426 499 576 583 intelligi:
631 503 634 507 ’
949 498 952 507 ’

189 728 193 735 ,
233 668 312 728 Nom
333 667 363 727 st
382 665 563 733 violandum
578 680 622 729 est
644 666 707 746 ius,
729 666 878 750 regnandi
895 665 997 746 gratio

205 795 209 801 -
233 750 264 811 V
263 750 417 813 iciendum
439 766 509 812 est:
530 749 598 810 aliis
618 752 705 811 rebus
721 753 867 835 pietatem
888 751 980 811 colas.
1092 818 1094 821 ¹

232 916 377 999 Capitalis
398 915 559 991 Eteocles,
581 919 625 978 tei
649 919 749 1000 potius
770 915 954 999 Euripides,
976 917 1033 996 qui

188 996 357 1079 id‘unum,
380 1001 617 1084 quodomnium
640 1003 896 1062 sceleratissimum
919 999 1032 1077 iuerat,

104 1103 107 1108 ·
186 1089 351 1169 exceperit.
373 1086 454 1163 Quid
477 1085 569 1166 igitur
591 1080 705 1147 iuiuuta
726 1085 916 1166 coiiigimus,
938 1083 1030 1143 here·

188 1165 319 1244 ditatos,
344 1183 551 1244 mercaturos,
578 1170 767 1229 venditiones
800 1165 1034 1230 fraudulentas?

187 1250 264 1312 Ecce
288 1248 366 1329 tibt3
389 1254 441 1335 qui
463 1274 514 1313 rex
535 1252 642 1335 popuii
666 1253 806 1330 Romani,
829 1244 1032 1331 dominusque

187 1335 321 1396 omnium
344 1340 477 1419 gentium
501 1357 562 1395 esse
586 1338 790 1419 concupierit,
812 1336 905 1417 idque
927 1335 1031 1416 perse-

187 1419 274 1499 cerit.
297 1420 382 1482 Hune
404 1419 599 1504 cupiditatem
621 1421 645 1479 si
681 1420 748 1502 quis
781 1421 934 1480 honestum
967 1438 1032 1476 esse

141 1543 143 1547 .
186 1500 278 1580 dicit,
301 1526 402 1566 eureus
425 1506 483 1583 ests
500 1503 615 1566 Probat
635 1505 716 1564 enim
738 1504 858 1586 legum,
880 1514 912 1562 et
932 1499 1030 1560 iiber-

186 1586 256 1644 totis
279 1589 462 1665 interitum3
486 1608 651 1669 earumque
671 1589 896 1672 oppressionem
913 1597 1032 1661 tetrum,

177 1680 217 1729 et
238 1668 464 1749 detestabilem,
487 1672 644 1754 gloriosam
667 1686 761 1753 putat.
784 1673 844 1748 Qui
865 1683 965 1731 nutem
987 1667 1033 1728 ia·
1066 1734 1071 1741 p

186 1763 291 1831 tetur,
314 1754 475 1817 honestum
499 1777 559 1817 nou
582 1755 699 1824 esseio
722 1779 756 1816 ea
778 1756 921 1831 civitate,
951 1774 1033 1834 quae

185 1835 386 1916 liberasso,
409 1836 548 1922 quaeque
571 1859 633 1899 esse
655 1838 784 1914 debeat,
809 1859 953 1920 reguur03
978 1835 1032 1899 sed

188 1919 243 1995 ei,
265 1922 317 2005 qui
342 1923 373 1983 id
396 1924 493 1986 secere
517 1923 628 2004 possit,
651 1944 714 1982 esse
735 1921 835 1997 utile3
866 1943 926 2004 qua
948 1919 1032 1979 hune

186 2001 422 2087 objurgatione,
446 2021 499 2070 aut
519 2028 581 2089 quo
613 2007 711 2089 potius
739 2005 875 2067 convicio
903 2027 921 2064 a
945 2014 1031 2062 tauto

185 2106 400 2156 errorecouer
420 2089 576 2154 evellere?
598 2090 699 2151 Potest
719 2091 822 2167 euim,
843 2088 885 2149 dii
908 2089 1033 2148 immor·

186 2169 279 2230 tuiesi
302 2174 443 2257 cuiquam
465 2198 526 2237 esse
549 2174 625 2236 utile
655 2174 884 2249 foedissimum,
920 2185 951 2230 et
983 2183 1030 2229 te·

188 2257 343 2317 terrimum
366 2260 563 2342 parricidium
586 2259 721 2340 patriae:
746 2258 879 2343 quamvis
901 2255 948 2330 is,
975 2253 1029 2334 qui

165 2400 167 2405 ,
188 2360 219 2399 se
241 2362 276 2400 eu
298 2341 506 2419 obstrinxerit,
530 2342 568 2403 ub
590 2342 736 2425 oppressis
757 2343 871 2404 civibus
885 2363 902 2398 o
919 2360 1031 2423 parens

189 2425 390 2486 nominetur?
415 2427 580 2491 Honestsite
615 2428 705 2508 igitur
735 2425 888 2508 dirigenda
911 2421 1043 2485 utilitas

56 2559 63 2565 .
123 2580 132 2586 κ
189 2520 259 2585 est⁷
283 2522 314 2569 ct
334 2508 458 2591 quidem
482 2512 548 2587 sic⁷
572 2522 605 2571 ut
625 2512 700 2570 haec
723 2511 807 2586 duo,
830 2508 920 2569 verbo
949 2506 1031 2566 iuter

189 2613 221 2652 se
243 2593 436 2676 discrepare,
459 2617 491 2657 re
515 2607 613 2663 tumen
630 2616 722 2655 unum
737 2605 844 2656 souare
857 2590 1037 2655 videantur(

191 2959 210 2995 a
225 2930 322 2995 Caesar
338 2946 413 3011 puter
430 2945 531 3012 patriae
549 2942 715 3009 appellatus,
733 2944 779 2996 sed
797 2944 830 2995 ab
847 2942 988 3012 oppressis.

258 3009 296 3062 At
311 3009 393 3064 Romu
410 3019 514 3082 petrem
530 3009 632 3083 patriae
650 3011 806 3069 ciceronem
823 3012 906 3076 libere
922 3010 1001 3065 dixit.
