2359 3567
253 106 313 171 alo
404 114 410 127 '
462 133 494 173 n.
515 135 542 174 r.
565 134 592 174 c.
615 135 686 175 ciro
708 136 801 176 unos

210 189 272 255 disi
294 193 325 253 in
349 216 385 255 eo
407 195 512 273 libro,
535 219 626 279 quem
649 196 687 257 de
709 198 797 259 rebus
817 197 934 258 rusticis
970 200 1044 260 scri·

210 277 272 356 psi:
310 277 428 360 dequo
463 279 567 342 doctus
589 279 735 343 Hesiodus
758 281 937 342 oeserhnm
972 283 1043 364 qui·

209 357 278 423 dem
301 359 382 438 lecit,
398 385 491 445 quum
513 362 691 427 decultum
704 364 774 447 ,agri
793 364 952 427 scriberet.
965 367 1008 426 At
1024 387 1045 426 a

209 442 376 520 Homerus,
400 450 453 530 qui
475 447 597 524 multis,
619 460 654 509 nt
687 449 760 510 mibi
796 448 939 522 videtur,
973 461 1045 508 ante

208 530 316 590 seculis
338 529 558 608 minimorum
578 531 742 597 lenientem
750 533 948 607 desiderium,
963 530 1046 613 quod

208 613 346 695 cupiebat
368 638 385 675 e
407 615 496 692 filio,
519 614 669 678 colentem
691 638 805 697 ugrum,
826 630 947 677 etcum
970 629 1046 675 ster-

113 739 118 748 ·
208 712 364 773 curantem
387 699 469 763 lacit.
491 698 552 761 Neo
576 723 647 762 sero
680 702 828 781 segetibus
856 690 978 773 solum,
1012 713 1043 760 et

208 782 316 862 pratis,
338 798 369 844 et
391 784 499 857 vineis,
522 790 560 843 et‘
574 783 701 846 arbustis
723 806 775 846 res<
794 785 922 846 rusticae
946 782 1043 844 laetae

208 878 301 942 sunt,
321 867 374 927 sed
397 867 542 949 pomariis
562 869 653 929 etiam
670 913 679 941 ,
698 881 731 931 ,et
752 870 875 940 hortis,
900 880 964 926 tum
986 889 1044 946 pe·
1093 867 1099 882 ‘

207 949 317 1011 cudum
340 963 436 1033 pastu,
452 951 554 1032 apium
567 950 763 1022 examinibus,
787 949 1045 1013 tiorumomnium

206 1031 364 1095 varietate]
388 1033 450 1095 Nec
472 1035 653 1104 consitiones
674 1035 765 1094 modo
787 1036 963 1109 delectant,
991 1033 1044 1094 sed

208 1115 298 1177 etiam
322 1119 487 1181 insitionem
511 1119 620 1200 quibus
643 1119 718 1180 nihil
733 1118 1046 1199 invenit-agricultura
1122 1167 1128 1173 .

208 1200 357 1263 solertius.
379 1202 499 1263 Possum
522 1207 663 1287 persequi
693 1204 786 1263 multa
822 1202 1045 1263 oblectamenta

208 1306 308 1345 rorum
330 1288 530 1368 rusticarum
554 1287 605 1358 sed
627 1310 662 1348 ea
684 1287 759 1367 ipsa,
782 1309 861 1368 quae
882 1286 959 1361 dixi,
976 1308 1044 1359 seu7

129 1380 132 1385 “
209 1369 252 1430 tio
276 1369 363 1431 luisse
387 1370 530 1451 longiora.
553 1371 715 1449 ignoscetis
751 1384 878 1444 autem,
917 1372 988 1427 narn
1014 1381 1045 1428 et

208 1452 309 1514 studio
333 1476 432 1515 rerum
454 1456 630 1515 rusticarum
652 1468 807 1536 provectus
834 1475 921 1528 sum,
958 1466 989 1511 et
1027 1453 1045 1511 ὁ

208 1551 347 1598 senectus
370 1551 414 1598 est
436 1549 543 1598 natura
567 1539 722 1619 loquacior
741 1562 750 1612 ς
776 1561 813 1598 oe
835 1538 873 1597 ab
907 1537 1045 1596 omnibus

212 1643 278 1681 eam
302 1623 379 1682 uitiis
401 1620 504 1681 videar
537 1621 698 1682 vindicate.
720 1643 737 1695 o
759 1622 837 1703 Ergo
859 1622 890 1681 iu
912 1622 1045 1681 haesita

210 1703 249 1766 Μ.
272 1704 397 1784 Curius,
421 1727 514 1788 quum
537 1705 574 1767 dc
597 1705 804 1779 Samnitibus,
827 1705 864 1766 de
899 1705 1042 1780 Sabinis,
1099 1736 1105 1744 ·

208 1787 247 1848 de
277 1789 371 1871 Pyrro
407 1792 642 1872 triumphasset,
660 1792 842 1851 'consumsit
875 1804 1044 1848 extremum

201 1884 325 1954 tempus
346 1877 468 1934 aetatis:
505 1876 590 1934 cuius
612 1873 735 1955 quidem
769 1875 870 1935 villam
893 1895 947 1953 ego
975 1895 1045 1931 con·

208 1960 355 2040 templans
371 1962 388 2035 7(
411 1959 493 2018 ahust
514 1960 594 2017 enim
618 1980 676 2016 uon
700 1960 786 2039 lunge
809 1980 825 2017 a
845 1964 920 2032 mc)
945 1954 1058 2015 admi-z

207 2042 270 2101 ruri
291 2043 362 2113 satis
385 2065 445 2103 non
469 2063 588 2123 possum
611 2043 656 2102 rel
681 2043 810 2105 hominis
832 2043 923 2121 ipsius
945 2040 1043 2115 contis

199 2128 364 2199 nentium,
387 2125 433 2185 rel
458 2138 626 2207 omporum
649 2124 846 2205 disciplinam.
868 2124 890 2182 d
900 2123 991 2181 Curio
1006 2122 1043 2181 ad

207 2210 311 2277 locum
334 2209 448 2276 sedenti
481 2231 622 2293 maguum
651 2209 716 2269 auri
752 2208 873 2290 pondus
898 2207 1043 2266 Samnites

133 2336 134 2347 .
189 2315 301 2374 1quum
335 2295 523 2365 attulissent,
561 2292 708 2377 repudiati
738 2295 841 2352 abeo
875 2304 954 2350 suot.
978 2289 1043 2350 Nou

208 2379 289 2437 euim
310 2391 419 2447 aurum
442 2377 553 2439 habere
577 2377 761 2457 praeclarum
784 2376 837 2435 sihi
873 2374 968 2434 rideri
996 2373 1042 2431 di·
1101 2397 1110 2406 ⁶

207 2463 274 2539 xit3
308 2461 360 2522 sed
389 2461 449 2535 iis,
472 2461 525 2548 qni
556 2461 704 2523 habereut
732 2482 864 2538 aurum,
886 2459 1041 2543 imperare.

207 2787 224 2822 a
241 2766 372 2821 Homerus
389 2780 449 2823 ante
466 2771 620 2824 Hesiodum.

208 2837 223 2886 b
242 2838 370 2891 Senectus
389 2848 483 2890 natura
504 2841 648 2906 loquacior.
711 2874 714 2879 -

197 2921 224 2973 ,ς
240 2904 274 2955 Μ.
297 2905 396 2956 Curius
413 2907 442 2956 iu
459 2908 622 2973 agricultura
640 2905 721 2957 vitam
737 2903 900 2955 comsumsit.
972 2962 974 2967 .
1069 2963 1073 2973 Ι

207 2969 342 3024 deorsus
359 2973 455 3028 aurum
472 2974 623 3043 repudiarit
635 2990 654 3033 'a
670 2971 836 3028 Samnitibus
853 2972 984 3036 oblatum.

285 3216 327 3234 ,ιὺ
