2359 3567
252 89 312 169 296
483 114 514 154 rr.
537 118 564 156 r.
588 118 614 157 r.
637 118 710 158 caso
732 104 839 163 uiros,

213 172 330 254 erigens
362 176 393 233 te
421 180 623 259 posteritatem
657 204 773 265 semper
794 184 836 244 ita
857 180 1060 269 prospiciebat

192 258 293 336 [quasi
316 276 410 339 quum
426 265 597 324 excessisset
619 288 637 324 e
659 265 717 326 vita
734 313 749 347 ,Ι
774 282 836 328 tum
850 268 993 352 denique
1017 274 1059 332 vi·

214 351 316 401 eturus
349 357 434 405 esset.
470 347 562 424 Quod
597 349 717 430 quidem
740 352 770 410 ni
792 354 834 415 ita
856 375 885 412 se
907 355 1060 429 baberet,

214 435 248 482 ut
267 425 360 485 animi
391 427 576 492 immortales
612 446 708 495 essent
729 435 811 495 haud
832 437 937 519 optimi
960 440 1060 499 cuius·

215 529 277 589 que
310 513 426 572 animus
461 516 590 579 maxime
620 516 658 575 ad
680 517 908 580 immortalitatis
930 522 1064 603 gioriam

215 591 372 658 niteretur.
393 619 413 656 a
432 594 538 674 Quid,
571 600 653 681 quod
676 602 905 683 sapientissimus
927 607 1059 688 quisque

123 718 125 731 .
214 678 392 758 aequissimo
415 681 514 741 auimo
537 684 689 762 moritur,
723 687 912 748 stultissimus
933 690 1058 772 iniquis-

127 794 134 805 «
210 760 313 821 simo?
337 762 445 824 Nonne
461 765 549 826 vobis
568 768 687 828 videtur
706 771 822 830 animus
843 773 889 847 is,
913 773 967 854 qui
987 776 1056 856 pius

115 886 117 891 .
212 860 315 906 cernat
336 859 366 906 et
388 848 663 930 lougiusriderese
685 852 723 912 ad
745 855 867 915 meliora
889 857 1054 938 proficisci:

182 927 263 988 ilie
299 945 400 992 autem
434 934 483 994 eui
503 932 653 996 vobtusior
686 937 722 997 sit
744 941 822 998 acies
843 963 904 1000 uon
926 939 1056 1000 videre?
1101 1011 1105 1018 η

207 1010 357 1095 Equidem
380 1020 489 1079 efferor
509 1020 609 1079 studio
631 1034 732 1103 patres
753 1036 886 1098 vestros,
910 1047 985 1106 quos
1007 1045 1058 1084 co·

208 1095 276 1173 lui,
308 1113 338 1159 et
361 1099 451 1162 dilexi
484 1103 614 1171 videndi.
651 1103 757 1186 Neque
791 1131 861 1166 vero
880 1130 933 1166 eos
960 1108 1058 1167 solum

208 1184 367 1245 eonveitire
399 1209 495 1260 aveo,
535 1211 611 1270 quos
644 1187 707 1272 ipse
731 1192 890 1289 pognod⁷
913 1190 1066 1251 sedilios·
1129 1218 1133 1223 ·

219 1266 322 1345 etiam,
333 1269 371 1330 de
383 1271 493 1351 quibus
508 1272 622 1347 audivi,
639 1286 670 1331 et
683 1273 739 1354 legs
756 1289 787 1334 et
808 1275 870 1357 ipse
883 1276 1054 1357 conscripsi.

209 1348 280 1431 Quo
314 1355 436 1437 quidem
465 1379 513 1417 me
536 1357 771 1440 proficiscentem
794 1358 875 1419 haud
898 1381 967 1417 sane
990 1358 1058 1440 quis

167 1444 172 1453 “
209 1434 297 1502 tacite
318 1436 513 1519 retraxerit,¹
532 1463 632 1526 neque
656 1454 807 1524 tamquam
828 1443 947 1503 Peliam
968 1464 1055 1503 reco-

158 1526 161 1531 ⁴
208 1527 295 1588 xerit.
318 1520 470 1608 Etsiquis
492 1526 565 1591 deus
581 1526 655 1586 mihi
678 1527 877 1609 largiaturut
899 1527 957 1586 hae
975 1539 1058 1611 aeta-

151 1645 161 1650 ·
210 1623 240 1674 te
262 1633 490 1696 repuerascam,
513 1624 543 1672 et
564 1613 597 1672 in
619 1610 704 1671 cunis
725 1613 841 1694 vagiam
862 1610 948 1671 valde
971 1632 1056 1670 recu·

209 1717 280 1757 sem.
315 1695 376 1757 Nee
398 1720 469 1759 vero
502 1697 615 1769 velim,
638 1695 655 1753 b
677 1698 764 1777 quasi
787 1695 916 1755 decurso
936 1695 1055 1776 spatio,

209 1778 248 1855 ad
282 1782 422 1841 carceres
447 1805 464 1840 a
486 1783 566 1842 caica
594 1776 733 1841 revocari.
757 1780 840 1857 Quid
862 1779 941 1838 enim
965 1779 1057 1837 habet

210 1863 271 1943 vita
303 1864 479 1926 commodi?
511 1865 584 1947 quid
619 1887 678 1923 non
700 1865 799 1945 potius
829 1861 970 1921 laboris?
996 1862 1057 1922 Sed

211 1948 322 2009 habeat
339 1972 451 2027 >saue:
473 1949 568 2010 habet
589 1961 671 2008 certe
695 1962 793 2006 tamen
815 1959 867 2006 aut
890 1945 1056 2019 satietatem

209 2044 265 2092 aut
285 2035 419 2094 modum.
442 2033 509 2095 Nou
533 2034 618 2094 iubet
637 2030 716 2091 enim
741 2031 813 2106 mihi
835 2029 994 2110 deplorare
1018 2031 1057 2089 ri-

212 2129 294 2193 tam3
333 2117 415 2201 quod
445 2117 554 2191 multi,
587 2130 619 2176 et
641 2117 661 2175 ii
695 2115 775 2175 docti
797 2136 886 2196 saepe
913 2112 1055 2174 iecerunt.

211 2198 272 2261 Nec
308 2218 355 2264 me
386 2202 496 2262 vixisse
530 2201 685 2284 poenitet:
703 2221 724 2258 e
746 2198 888 2281 quoniam
910 2198 952 2255 ita
975 2198 1055 2269 viri,

213 2298 328 2349 utnon
350 2286 457 2348 frustra
480 2307 527 2347 me
549 2298 654 2347 uatum
676 2285 859 2344 existimem:
885 2293 915 2340 et
937 2301 975 2365 ea
997 2281 1057 2339 vita

212 2370 253 2430 ita
274 2369 416 2448 discedo,
441 2362 593 2453 tamquam
615 2366 798 2449 exhospitio
820 2387 882 2424 uon
905 2377 1057 2444 tamquam

213 2479 250 2517 ex
271 2458 380 2519 domo:
404 2454 438 2514 d
457 2453 659 2515 commorandi
692 2452 774 2511 enim
797 2461 903 2509 natura
925 2446 1057 2507 diverso·
1111 2520 1114 2526 Ι

81 2514 92 2521 ’
162 2619 166 2627 p
213 2540 291 2601 rium
313 2543 420 2619 nous,
444 2562 504 2627 ρος,
526 2536 683 2599 bassanu
705 2534 798 2594 aeut.
822 2534 850 2593 o
873 2530 1058 2614 praectarum

213 2723 230 2757 a
247 2704 330 2758 Stulti
353 2705 448 2772 iniquo
465 2705 555 2758 auimo
581 2708 696 2774 mortem
713 2701 820 2774 ferunt:
840 2696 975 2766 sapientes
993 2712 1059 2749 vero

284 2774 454 2842 aequissimo.
501 2816 511 2841 ‚¹

119 2854 126 2855 ’
216 2839 231 2891 b
352 2843 436 2891 h'um.

216 2927 231 2958 c
249 2838 380 2961 gidiiiii
397 2908 481 2970 Cato,
502 2914 532 2957 ut
548 2905 649 2956 frustra
667 2896 804 2954 senatum
822 2913 878 2948 non
897 2895 1036 2946 existimet.

214 2973 235 3026 d
252 2975 463 3043 Commorandi,
481 2986 536 3027 non
553 2972 695 3027 habitandi
712 2966 890 3028 diversorium
907 2964 1043 3016 hahemus.
