2359 3567
399 144 460 187 tin.
481 128 518 186 ul
533 143 596 185 uir.
619 144 660 183 ιι.
855 141 910 183 rar

105 216 245 299 consequi
267 223 506 298 poscerentur,
528 209 721 269 vehementer
742 217 852 267 errant.
876 206 960 268 Vera

106 303 239 384 gloria'a
262 299 377 359 radices
398 297 483 378 agit,
505 306 597 376 atque
625 290 715 352 etiam
752 303 957 373 propagatum

107 389 171 448 licta
193 383 296 444 omnia
316 381 479 454 celeriter,
510 391 662 460 tamquam
697 374 840 451 flosculi,
870 374 957 436 deci·

107 471 207 544 dunt,
231 491 288 529 nec
319 466 492 527 simulatum
526 473 625 545 potest
657 459 824 543 quidquam
857 461 960 521 esseb

108 555 295 615 diuturnum.
316 552 423 612 Testes
454 561 524 608 sunt
553 546 696 629 permulti
735 545 768 605 in
801 557 960 626 utramque

99 630 245 724 parteni3
270 637 343 711 sed,
363 632 519 694 brevitatis
540 653 665 707 caussa,
700 628 815 690 familia
848 629 960 691 erimus

108 722 243 783 contenti
265 743 335 780 nna.
369 717 513 791 Tiberius
546 716 629 777 enim
662 714 819 775 Gracchus
855 713 961 776 Publii

109 806 188 866 filius
210 804 317 865 tandiu
338 802 537 878 laudabitur,
574 799 646 860 dum
680 799 827 859 memoria
859 821 961 861 rerum

109 892 314 952 Romanarum
337 884 479 947 manebit.
499 907 517 945 c
541 884 585 945 Aa
617 883 683 944 cius
719 882 786 944 filii‘
811 906 867 956 nec
900 883 962 945 riri

108 974 316 1056 probabantur
337 995 355 1031 a
374 966 491 1046 bouis,
513 983 544 1030 et
578 964 691 1029 mortui
727 967 868 1029 obtinent
900 991 959 1029 nu·

108 1081 225 1119 merum
245 1057 313 1118 iure
334 1076 500 1116 caesorum.
522 1054 584 1130 Qui
607 1053 699 1134 igitur
714 1052 841 1136 adipisci
861 1076 962 1115 reram

15 1200 16 1203 ,
108 1143 237 1225 gloriam
260 1141 361 1216 volet,
385 1136 520 1199 iustitiae
540 1137 683 1219 iungatur
697 1137 805 1200 officia.
825 1138 868 1198 Ea
884 1159 962 1220 quae

55 1240 57 1244 '
109 1241 231 1303 esseut,
253 1226 368 1286 dictum
391 1237 436 1285 est
458 1222 537 1285 libro
560 1223 724 1304 superiore.
755 1221 815 1282 Sed
850 1235 884 1283 ut
920 1223 963 1283 la-

109 1311 248 1387 cillime‘3
271 1310 376 1392 ‹luales
398 1304 512 1382 simus,
534 1308 608 1367 tales
630 1329 692 1367 esse
708 1304 882 1383 videamur,
906 1309 963 1369 ctsi

110 1392 142 1454 in
163 1418 201 1455 eo
224 1396 289 1478 ipso
314 1394 356 1453 vis
377 1392 507 1454 niaxima
535 1405 606 1464 cst,
645 1405 678 1451 ut
714 1390 806 1450 simus
840 1390 885 1467 ii,
909 1393 963 1473 qui

111 1479 217 1540 baberi
240 1479 390 1555 velimus,
416 1491 513 1538 tamen
527 1475 674 1557 quaedam
691 1489 848 1558 praecepta
864 1476 965 1537 danda

14 1612 16 1615 -
50 1558 53 1563 ’
111 1578 190 1625 sunt.
212 1563 236 1622 d
257 1561 332 1623 Nam
355 1563 379 1621 si
402 1562 470 1644 quis
506 1560 544 1621 ab
582 1562 705 1621 ineunte
742 1574 839 1621 aetate
874 1562 966 1624 habet

112 1646 474 1723 caussamcelebritatis,
503 1659 534 1705 et
560 1645 713 1722 nominis,
734 1659 799 1713 ,aut
828 1670 845 1708 a
879 1661 964 1730 patre

111 1745 266 1813 acceptam
290 1731 396 1813 (quod
419 1728 475 1792 tibi
492 1776 508 1807 ,v
524 1730 567 1790 mi
589 1729 717 1808 Cicero,
737 1730 874 1792 arbitror
894 1756 966 1795 con-

113 1817 237 1898 tigisse)
259 1829 315 1876 aut
336 1816 438 1898 aliquo
461 1836 547 1891 casu,
567 1818 658 1897 atque
680 1816 817 1891 fortuna,
836 1818 868 1876 in
884 1818 966 1878 hunc
1066 1879 1068 1882 ,
1148 1850 1152 1854 >

85 1967 87 1969 .
113 1900 193 1962 oculi
216 1900 353 1962 omnium
368 1900 597 1975 coniiciuntur,
614 1913 705 1982 atque
728 1901 759 1960 in
783 1923 869 1977 eum,
890 1901 966 1984 quid

14 2052 15 2055 Ἴ
113 1999 202 2066 agat,
226 1985 481 2065 quemadmodum
506 1985 606 2060 vivat,
629 1982 824 2067 anquiritur3
848 1999 878 2047 et
898 1999 963 2047 tan·

114 2090 204 2151 quam
239 2069 273 2130 iu
310 2058 477 2130 clarissima
503 2071 570 2129 luce
600 2082 759 2147 versetur,
782 2070 823 2131 ita
846 2066 970 2133 nullum

114 2153 275 2215 obscurum
297 2167 395 2237 potest
417 2176 471 2214 nec
493 2155 608 2214 dictum
632 2154 696 2214 eius
719 2176 806 2232 esse,
830 2179 885 2217 nec
919 2156 970 2217 sa.

114 2250 205 2300 ctum.
228 2262 246 2298 e
268 2239 405 2317 Quorum
426 2252 529 2303 autem
550 2238 649 2322 prima
670 2251 750 2299 aetas
768 2253 892 2323 propter
912 2241 969 2303 liu·

14 2360 16 2363 ·
113 2320 300 2401 militatem,
324 2337 355 2384 et
376 2322 588 2386 obscuritatem
623 2323 655 2384 in
689 2323 847 2386 hominum
886 2326 969 2409 igno-

14 2412 15 2483 ]
114 2407 231 2477 ratione
254 2421 411 2484 versatur,
434 2408 465 2468 hi
489 2408 578 2469 simul
601 2431 636 2469 ac
659 2407 781 2470 iuvenes
803 2432 866 2471 esse
901 2433 968 2470 coe-

112 2506 248 2574 perunt,
270 2505 555 2589 magnaspectare,
579 2506 610 2553 et
632 2489 670 2553 ad
692 2517 727 2555 ea
749 2497 839 2556 rectis
861 2494 968 2557 studiis

14 2638 16 2673 ξ
113 2634 133 2666 a
154 2616 239 2684 Agere
257 2596 383 2682 radices,
402 2625 434 2668 ut
450 2636 527 2686 agere
545 2620 647 2684 rimas,
664 2638 741 2689 agere
757 2636 881 2690 gemmas.

112 2684 131 2733 b
151 2682 227 2736 Nihil
246 2686 368 2735 fucatum
386 2687 555 2738 diuturnum.

14 2820 15 2825 Ἰ
112 2769 129 2801 c
149 2749 215 2802 Filii
227 2750 357 2819 Tiberii,
376 2760 402 2804 et
419 2752 450 2804 C.
469 2750 607 2820 Gracclii,
626 2754 735 2824 utrique
753 2756 787 2808 ob
810 2755 971 2833 seditionem

110 2824 298 2937 dllldbillbiis
317 2888 488 2955 curandum,
507 2890 627 2959 nequid
645 2861 779 2944 maiorum
806 2879 970 2960 imaginibus
1006 2932 1011 2944 2

148 2953 293 3019 indignum
312 2957 488 3009 committant
778 2972 779 2975 ’

110 3038 128 3073 0
145 3018 236 3085 Nori·
254 3037 355 3081 somma
372 3024 505 3094 probitate
523 3042 592 3098 opus
605 3065 620 3096 ,.
632 3034 662 3080 ut
678 3023 866 3080 nobilitentur.

818 3095 844 3156 F
