2359 3567
207 187 209 192 .
235 106 293 189 ²⁸4
330 114 338 127 '
442 96 475 169 ss.
498 128 524 169 r.
547 129 574 169 c.
596 130 669 170 ciro
691 129 785 171 terion
1052 178 1055 181 Δ

194 190 270 255 heae
307 193 389 254 culto
425 193 469 253 nil
506 204 605 274 potest
645 213 707 252 esse
731 214 786 254 uec
813 212 869 253 usu
890 192 1036 270 uberius,

195 298 251 338 uec
279 277 377 361 specie
406 275 561 354 ornatius;
593 275 629 336 ad
660 297 751 359 quem
786 274 946 339 fruendum
976 301 1039 339 non

194 360 284 422 modo
307 382 368 423 uon
390 358 523 421 retardat
537 382 675 436 ,rerum
698 362 789 422 etiam
812 361 917 422 inritat
945 375 1040 444 atque

195 445 321 506 allectat
339 457 483 507 senectus.
505 442 565 505 Vbi
587 445 668 506 euim
692 459 789 529 potest
804 445 856 506 illa
871 459 969 522 actas,
984 458 1041 506 aut

171 527 347 593 calescere
369 528 416 591 rel
438 550 457 588 o
489 527 676 613 apricatione
704 531 833 607 mellus,
867 531 914 591 vel
947 529 1040 611 igni?

195 613 241 673 rel
264 613 391 675 vicissim
407 611 529 689 umbris,
546 613 669 695 aquisre
682 614 850 697 refrigerari
866 613 1040 675 salubrius?

195 696 251 758 sibi
275 699 364 782 igitur
386 694 516 760 babeant
538 719 621 759 arma
645 699 701 758 sibi
724 721 826 782 equos,
849 698 905 758 sibi
927 699 1038 776 hastas,

196 781 253 843 sibi
270 786 403 860 olavam,
426 784 483 844 sibi
506 782 618 867 palam,
641 784 696 843 siti
718 785 903 859 natationes,
923 795 953 843 et
964 793 1037 843 c'ur'-

119 910 125 925 ,
196 888 268 927 sus:
292 868 379 927 nobis
400 869 521 928 senibus
542 890 581 927 ex
603 868 772 928 lusionibus
793 867 896 928 multis
914 868 936 926 b
961 866 1038 926 talos

194 951 393 1032 relinquant,
416 965 446 1011 et
466 976 485 1012 c
507 965 648 1012 tesseras:
673 951 802 1035 idipsum
824 959 926 1012 utrum
948 951 1037 1012 lube·

194 1034 260 1111 bit3
284 1037 428 1117 quoniam
450 1036 514 1096 sine
537 1037 583 1097 his
604 1035 692 1097 beata
714 1058 777 1095 esse
807 1052 946 1097 senectus
979 1058 1036 1118 po-

196 1130 264 1181 test.
286 1119 395 1195 Multas
417 1119 526 1181 adres
548 1120 695 1203 perutiles
730 1119 941 1202 Xenophontis
961 1120 1038 1181 libri

194 1212 286 1282 sunt,
311 1226 385 1285 quos
406 1203 495 1286 legite
512 1250 525 1279 ,
543 1225 675 1286 quaeso,
699 1200 847 1278 studiose,
868 1217 903 1264 ut
925 1204 1038 1265 facitis.

196 1287 294 1364 Quam
316 1289 436 1371 copiose
458 1287 497 1347 ab
517 1310 553 1348 eo
575 1289 758 1371 agricultura
784 1287 924 1348 laudatur
946 1290 978 1348 in
1001 1310 1038 1347 eo

195 1370 298 1450 libro,
319 1371 342 1430 d
362 1374 414 1455 qui
437 1370 540 1451 ostile
564 1372 675 1434 tuenda
709 1396 742 1433 re
778 1370 949 1452 familiari,
984 1372 1039 1452 qui

196 1459 402 1517 oeconomicus
425 1455 612 1516 inscribitur!
637 1458 762 1539 Atque,
785 1468 819 1517 ut
836 1452 1036 1536 intelligatis,

197 1540 275 1600 n'ilril
298 1542 324 1601 ei
349 1554 409 1601 tam
433 1540 670 1622 rogalenideri,
704 1562 796 1623 quam
818 1541 950 1600 studium
971 1539 1036 1621 agri

196 1624 328 1704 uolendi,
341 1626 488 1687 'Socrates
510 1625 542 1685 in
564 1649 602 1686 eo
624 1619 703 1685 libro
727 1625 864 1707 loquitor
885 1647 955 1685 oum
967 1622 1037 1684 Cri-

166 1725 169 1730 ·
199 1708 364 1785 tobulo,e
394 1710 502 1792 Cyrum
535 1714 685 1771 minorem
721 1733 820 1793 regem
857 1710 1037 1785 Persarum,

197 1800 397 1872 praesumem
420 1795 556 1876 iugenio,
572 1809 664 1876 atque
681 1794 803 1878 imperii
825 1795 930 1874 gloria,
944 1814 1039 1876 quum

187 1874 220 1956 f
234 1876 387 1958 Lysander
407 1878 675 1953 Lacedaemonius,
698 1883 742 1940 vir
764 1900 895 1939 summae
910 1878 1037 1953 virtutis,

197 1962 324 2022 venisset
347 1962 386 2022 ad
407 1986 475 2023 curn
499 1964 615 2041 Sardis,
637 1964 727 2044 eique
749 1962 829 2023 (lona
850 1987 867 2022 a
890 1963 976 2022 soriis
998 1974 1038 2021 at·
1103 1968 1107 1979 “

200 2045 342 2123 tulisset,
366 2061 397 2107 et
419 2047 524 2109 ceteris
557 2049 589 2108 iu
625 2050 729 2108 rebus‘
747 2069 935 2109 communem
968 2068 1037 2129 erga

199 2127 405 2209 Lysandrum,
428 2146 518 2214 atque
541 2133 707 2192 humanum
726 2132 831 2205 fuisse,
847 2144 878 2190 et
893 2131 920 2190 ei
933 2152 1037 2212 quem·

119 2220 124 2227 ‘
199 2213 269 2273 datu
290 2230 467 2298 conseptum
486 2226 588 2297 agrum
605 2219 765 2296 diligenter
779 2217 925 2293 consitum
940 2226 1036 2275 osten·

199 2297 287 2361 disse.
300 2302 402 2378 Quum
423 2316 525 2363 autem
552 2302 750 2364 admiraretur
763 2301 916 2382 Lysander
928 2312 959 2358 et
968 2321 1037 2382 pro·

188 2385 508 2462 'ceritatesarborurm
531 2399 602 2468 etg
625 2389 753 2447 directos
777 2390 807 2446 in
830 2387 1037 2467 quincumcem

200 2470 342 2546 ordines,
364 2488 394 2534 et
418 2474 541 2533 humum
565 2472 736 2547 subactam,
759 2480 850 2552 astruo
866 2489 988 2554 puram,
1010 2480 1037 2528 et

204 2561 383 2619 suavitatem
405 2559 555 2634 odorum,
578 2557 632 2639 qui
653 2558 828 2619 afflarentur
848 2578 866 2616 e
894 2540 1037 2630 lloribus,

198 2672 216 2704 a
234 2657 368 2724 Aprioari
572 2705 585 2710 ..

198 2721 301 2774 tTali.
519 2742 545 2762 k

198 2804 215 2838 o
234 2790 366 2842 l'eoserac.
442 2791 497 2810 “

197 2854 218 2906 d
232 2857 420 2926 Xenophontis
437 2860 634 2914 oeconomicus.

197 2941 212 2972 e
229 2924 310 2990 Cyro.
380 2925 383 2931 ’

131 2990 147 3037 “»
187 2986 217 3058 s
225 2990 371 3057 Lysander.

195 3073 215 3124 g
233 3056 389 3126 Quiuouux.

19 3120 22 3243 l
83 3234 88 3237 ⁷
