<?xml version="1.0" encoding="UTF-8"?>
<!DOCTYPE html PUBLIC "-//W3C//DTD XHTML 1.0 Transitional//EN"
    "http://www.w3.org/TR/xhtml1/DTD/xhtml1-transitional.dtd">
<html xmlns="http://www.w3.org/1999/xhtml" xml:lang="en" lang="en">
 <head>
  <title>
</title>
<meta http-equiv="Content-Type" content="text/html;charset=utf-8" />
  <meta name='ocr-system' content='tesseract 3.04.00' />
  <meta name='ocr-capabilities' content='ocr_page ocr_carea ocr_par ocr_line ocrx_word'/>
</head>
<body>
  <div class='ocr_page' id='page_1' title='image "./mtulliiciceroni114cicegoog/mtulliiciceroni114cicegoog_0215.png"; bbox 0 0 2359 3567; ppageno 0'>
   <div class='ocr_carea' id='block_1_1' title="bbox 53 5 980 489">
    <p class='ocr_par' dir='ltr' id='par_1_1' title="bbox 53 5 980 489">
     <span class='ocr_line' id='line_1_1' title="bbox 441 5 513 79; baseline -0.014 1"><span class='ocrx_word' id='word_1_1' title='bbox 441 5 443 8; x_wconf 33' lang='lat'>⁵</span> <span class='ocrx_word' id='word_1_2' title='bbox 508 36 513 79; x_wconf 74' lang='lat' dir='ltr'><strong>t</strong></span> 
     </span>
     <span class='ocr_line' id='line_1_2' title="bbox 374 146 932 230; baseline -0.014 -16"><span class='ocrx_word' id='word_1_3' title='bbox 374 173 510 225; x_wconf 70' lang='lat' dir='ltr'><strong>amaris,</strong></span> <span class='ocrx_word' id='word_1_4' title='bbox 532 172 578 211; x_wconf 80' lang='lat' dir='ltr'><strong>err</strong></span> <span class='ocrx_word' id='word_1_5' title='bbox 600 171 637 210; x_wconf 80' lang='lat' dir='ltr'><strong>nr</strong></span> <span class='ocrx_word' id='word_1_6' title='bbox 659 171 758 215; x_wconf 67' lang='lat' dir='ltr'><strong>amc.⁴</strong></span> <span class='ocrx_word' id='word_1_7' title='bbox 873 146 932 230; x_wconf 77' lang='lat'><strong>²³7</strong></span> 
     </span>
     <span class='ocr_line' id='line_1_3' title="bbox 219 229 878 300; baseline -0.012 0"><span class='ocrx_word' id='word_1_8' title='bbox 219 235 346 300; x_wconf 78' lang='lat' dir='ltr'><em>Amicus</em></span> <span class='ocrx_word' id='word_1_9' title='bbox 365 249 464 296; x_wconf 83' lang='lat' dir='ltr'><strong>certus</strong></span> <span class='ocrx_word' id='word_1_10' title='bbox 486 235 517 294; x_wconf 83' lang='lat' dir='ltr'><strong>in</strong></span> <span class='ocrx_word' id='word_1_11' title='bbox 542 258 576 294; x_wconf 87' lang='lat' dir='ltr'><strong>re</strong></span> <span class='ocrx_word' id='word_1_12' title='bbox 598 234 713 293; x_wconf 78' lang='lat' dir='ltr'><strong>incerta</strong></span> <span class='ocrx_word' id='word_1_13' title='bbox 734 229 878 292; x_wconf 81' lang='lat' dir='ltr'><strong>cernitur.</strong></span> 
     </span>
     <span class='ocr_line' id='line_1_4' title="bbox 53 314 978 396; baseline -0.011 -11"><span class='ocrx_word' id='word_1_14' title='bbox 53 360 54 367; x_wconf 23' lang='grc' dir='ltr'><strong>κ</strong></span> <span class='ocrx_word' id='word_1_15' title='bbox 133 322 253 384; x_wconf 81' lang='lat' dir='ltr'><strong>Tamen</strong></span> <span class='ocrx_word' id='word_1_16' title='bbox 275 321 350 381; x_wconf 86' lang='lat' dir='ltr'><strong>haec</strong></span> <span class='ocrx_word' id='word_1_17' title='bbox 370 320 433 380; x_wconf 93' lang='lat' dir='ltr'><strong>duo</strong></span> <span class='ocrx_word' id='word_1_18' title='bbox 455 319 602 393; x_wconf 80' lang='lat' dir='ltr'><strong>levitatis,</strong></span> <span class='ocrx_word' id='word_1_19' title='bbox 620 330 651 378; x_wconf 92' lang='lat' dir='ltr'><strong>et</strong></span> <span class='ocrx_word' id='word_1_20' title='bbox 672 314 856 377; x_wconf 80' lang='lat' dir='ltr'><strong>infirmitatis</strong></span> <span class='ocrx_word' id='word_1_21' title='bbox 876 314 978 396; x_wconf 80' lang='lat' dir='ltr'><strong>plere·</strong></span> 
     </span>
     <span class='ocr_line' id='line_1_5' title="bbox 133 398 980 489; baseline -0.008 -22"><span class='ocrx_word' id='word_1_22' title='bbox 133 429 211 489; x_wconf 81' lang='lat' dir='ltr'><strong>sque</strong></span> <span class='ocrx_word' id='word_1_23' title='bbox 233 407 438 475; x_wconf 77' lang='lat' dir='ltr'><strong>convincunt3</strong></span> <span class='ocrx_word' id='word_1_24' title='bbox 468 417 521 464; x_wconf 89' lang='lat' dir='ltr'><strong>aut</strong></span> <span class='ocrx_word' id='word_1_25' title='bbox 543 403 568 463; x_wconf 88' lang='lat' dir='ltr'><strong>si</strong></span> <span class='ocrx_word' id='word_1_26' title='bbox 590 403 622 462; x_wconf 88' lang='lat' dir='ltr'><strong>in</strong></span> <span class='ocrx_word' id='word_1_27' title='bbox 656 400 742 461; x_wconf 85' lang='lat' dir='ltr'><strong>honis</strong></span> <span class='ocrx_word' id='word_1_28' title='bbox 765 398 854 459; x_wconf 89' lang='lat' dir='ltr'><strong>rebus</strong></span> <span class='ocrx_word' id='word_1_29' title='bbox 876 413 980 460; x_wconf 88' lang='lat' dir='ltr'><strong>conte-</strong></span> 
     </span>
    </p>
   </div>
   <div class='ocr_carea' id='block_1_2' title="bbox 133 483 982 653">
    <p class='ocr_par' dir='ltr' id='par_1_2' title="bbox 133 483 982 653">
     <span class='ocr_line' id='line_1_6' title="bbox 134 483 980 566; baseline -0.006 -16"><span class='ocrx_word' id='word_1_30' title='bbox 134 503 266 562; x_wconf 87' lang='lat' dir='ltr'><strong>mnunt,</strong></span> <span class='ocrx_word' id='word_1_31' title='bbox 289 502 343 550; x_wconf 87' lang='lat' dir='ltr'><strong>aut</strong></span> <span class='ocrx_word' id='word_1_32' title='bbox 359 492 390 548; x_wconf 85' lang='lat' dir='ltr'><strong>in</strong></span> <span class='ocrx_word' id='word_1_33' title='bbox 402 488 488 549; x_wconf 83' lang='lat' dir='ltr'><strong>malis</strong></span> <span class='ocrx_word' id='word_1_34' title='bbox 503 487 656 547; x_wconf 85' lang='lat' dir='ltr'><strong>deserunt.</strong></span> <span class='ocrx_word' id='word_1_35' title='bbox 666 487 727 564; x_wconf 85' lang='lat' dir='ltr'><strong>Qui</strong></span> <span class='ocrx_word' id='word_1_36' title='bbox 743 483 835 566; x_wconf 83' lang='lat' dir='ltr'><strong>igitur</strong></span> <span class='ocrx_word' id='word_1_37' title='bbox 850 495 980 566; x_wconf 83' lang='lat' dir='ltr'><strong>utraque</strong></span> 
     </span>
     <span class='ocr_line' id='line_1_7' title="bbox 133 568 982 653; baseline -0.005 -21"><span class='ocrx_word' id='word_1_38' title='bbox 133 573 168 633; x_wconf 92' lang='lat' dir='ltr'><strong>in</strong></span> <span class='ocrx_word' id='word_1_39' title='bbox 191 595 224 634; x_wconf 88' lang='lat' dir='ltr'><strong>re</strong></span> <span class='ocrx_word' id='word_1_40' title='bbox 246 592 388 653; x_wconf 74' lang='lat' dir='ltr'><strong>gravem,</strong></span> <span class='ocrx_word' id='word_1_41' title='bbox 411 584 619 642; x_wconf 82' lang='lat' dir='ltr'><strong>constantem,</strong></span> <span class='ocrx_word' id='word_1_42' title='bbox 641 570 780 630; x_wconf 86' lang='lat' dir='ltr'><strong>stabilem</strong></span> <span class='ocrx_word' id='word_1_43' title='bbox 802 589 833 626; x_wconf 90' lang='lat' dir='ltr'><strong>se</strong></span> <span class='ocrx_word' id='word_1_44' title='bbox 856 569 886 626; x_wconf 89' lang='lat' dir='ltr'><strong>in</strong></span> <span class='ocrx_word' id='word_1_45' title='bbox 908 568 982 628; x_wconf 85' lang='lat' dir='ltr'><strong>ami·</strong></span> 
     </span>
    </p>
   </div>
   <div class='ocr_carea' id='block_1_3' title="bbox 38 651 982 739">
    <p class='ocr_par' dir='ltr' id='par_1_3' title="bbox 38 651 982 739">
     <span class='ocr_line' id='line_1_8' title="bbox 38 651 982 739; baseline -0.005 -21"><span class='ocrx_word' id='word_1_46' title='bbox 38 689 41 695; x_wconf 41' lang='lat'>¹</span> <span class='ocrx_word' id='word_1_47' title='bbox 133 657 208 719; x_wconf 72' lang='lat' dir='ltr'><strong>citio</strong></span> <span class='ocrx_word' id='word_1_48' title='bbox 222 657 420 739; x_wconf 87' lang='lat' dir='ltr'><strong>praestiterit,</strong></span> <span class='ocrx_word' id='word_1_49' title='bbox 437 657 518 716; x_wconf 83' lang='lat' dir='ltr'><strong>hune</strong></span> <span class='ocrx_word' id='word_1_50' title='bbox 536 678 574 716; x_wconf 84' lang='lat' dir='ltr'><strong>ex</strong></span> <span class='ocrx_word' id='word_1_51' title='bbox 589 656 721 715; x_wconf 83' lang='lat' dir='ltr'><strong>maxime</strong></span> <span class='ocrx_word' id='word_1_52' title='bbox 734 674 803 713; x_wconf 84' lang='lat' dir='ltr'><strong>raro</strong></span> <span class='ocrx_word' id='word_1_53' title='bbox 824 651 982 715; x_wconf 88' lang='lat' dir='ltr'><strong>hominum</strong></span> 
     </span>
    </p>
   </div>
   <div class='ocr_carea' id='block_1_4' title="bbox 54 735 1035 1738">
    <p class='ocr_par' dir='ltr' id='par_1_4' title="bbox 54 735 1035 1738">
     <span class='ocr_line' id='line_1_9' title="bbox 134 735 983 821; baseline -0.001 -24"><span class='ocrx_word' id='word_1_54' title='bbox 134 763 247 821; x_wconf 85' lang='lat' dir='ltr'>genere</span> <span class='ocrx_word' id='word_1_55' title='bbox 279 739 414 817; x_wconf 78' lang='lat' dir='ltr'><strong>iudicare</strong></span> <span class='ocrx_word' id='word_1_56' title='bbox 444 739 614 814; x_wconf 85' lang='lat' dir='ltr'><strong>debemus,</strong></span> <span class='ocrx_word' id='word_1_57' title='bbox 650 751 681 798; x_wconf 88' lang='lat' dir='ltr'><strong>et</strong></span> <span class='ocrx_word' id='word_1_58' title='bbox 714 759 790 820; x_wconf 81' lang='lat' dir='ltr'><strong>pene</strong></span> <span class='ocrx_word' id='word_1_59' title='bbox 826 735 939 796; x_wconf 85' lang='lat' dir='ltr'><strong>divino.</strong></span> <span class='ocrx_word' id='word_1_60' title='bbox 961 757 983 796; x_wconf 84' lang='lat' dir='ltr'><strong>a</strong></span> 
     </span>
     <span class='ocr_line' id='line_1_10' title="bbox 89 818 982 903; baseline -0.006 -18"><span class='ocrx_word' id='word_1_61' title='bbox 89 889 95 895; x_wconf 58' lang='grc'>,</span> <span class='ocrx_word' id='word_1_62' title='bbox 134 823 373 885; x_wconf 82' lang='lat' dir='ltr'><strong>Firmamentum</strong></span> <span class='ocrx_word' id='word_1_63' title='bbox 395 837 496 885; x_wconf 86' lang='lat' dir='ltr'><strong>autem</strong></span> <span class='ocrx_word' id='word_1_64' title='bbox 517 821 710 897; x_wconf 82' lang='lat' dir='ltr'><strong>stabilitatis;</strong></span> <span class='ocrx_word' id='word_1_65' title='bbox 733 818 982 903; x_wconf 59' lang='lat' dir='ltr'><strong>constantiaeque</strong></span> 
     </span>
     <span class='ocr_line' id='line_1_11' title="bbox 134 905 983 988; baseline 0.002 -23"><span class='ocrx_word' id='word_1_66' title='bbox 134 908 224 980; x_wconf 86' lang='lat' dir='ltr'><strong>eius,</strong></span> <span class='ocrx_word' id='word_1_67' title='bbox 247 929 338 988; x_wconf 87' lang='lat' dir='ltr'><strong>quarn</strong></span> <span class='ocrx_word' id='word_1_68' title='bbox 359 908 391 967; x_wconf 89' lang='lat' dir='ltr'><strong>in</strong></span> <span class='ocrx_word' id='word_1_69' title='bbox 421 907 555 969; x_wconf 83' lang='lat' dir='ltr'><strong>amicitia</strong></span> <span class='ocrx_word' id='word_1_70' title='bbox 588 908 761 988; x_wconf 81' lang='lat' dir='ltr'><strong>quaerimus</strong></span> <span class='ocrx_word' id='word_1_71' title='bbox 778 939 800 981; x_wconf 29' lang='lat' dir='ltr'><strong>‚s</strong></span> <span class='ocrx_word' id='word_1_72' title='bbox 823 905 897 966; x_wconf 87' lang='lat' dir='ltr'><strong>fides</strong></span> <span class='ocrx_word' id='word_1_73' title='bbox 926 918 983 967; x_wconf 86' lang='lat' dir='ltr'><strong>est.</strong></span> 
     </span>
     <span class='ocr_line' id='line_1_12' title="bbox 136 988 982 1074; baseline -0.004 -22"><span class='ocrx_word' id='word_1_74' title='bbox 136 988 221 1052; x_wconf 83' lang='lat' dir='ltr'><strong>Nihil</strong></span> <span class='ocrx_word' id='word_1_75' title='bbox 243 991 325 1051; x_wconf 91' lang='lat' dir='ltr'><strong>enim</strong></span> <span class='ocrx_word' id='word_1_76' title='bbox 347 991 454 1051; x_wconf 88' lang='lat' dir='ltr'><strong>stabile</strong></span> <span class='ocrx_word' id='word_1_77' title='bbox 476 1004 546 1067; x_wconf 89' lang='lat' dir='ltr'><strong>est,</strong></span> <span class='ocrx_word' id='word_1_78' title='bbox 569 990 650 1074; x_wconf 90' lang='lat' dir='ltr'><strong>quod</strong></span> <span class='ocrx_word' id='word_1_79' title='bbox 673 989 800 1052; x_wconf 85' lang='lat' dir='ltr'><strong>infidum</strong></span> <span class='ocrx_word' id='word_1_80' title='bbox 822 1002 876 1051; x_wconf 84' lang='lat' dir='ltr'><strong>est.</strong></span> <span class='ocrx_word' id='word_1_81' title='bbox 899 989 982 1050; x_wconf 90' lang='lat' dir='ltr'><strong>Sim·</strong></span> 
     </span>
     <span class='ocr_line' id='line_1_13' title="bbox 54 1064 1035 1157; baseline 0.001 -25"><span class='ocrx_word' id='word_1_82' title='bbox 54 1102 56 1111; x_wconf 43' lang='lat' dir='ltr'>v</span> <span class='ocrx_word' id='word_1_83' title='bbox 135 1073 248 1157; x_wconf 75' lang='lat' dir='ltr'><strong>plice&#39;m</strong></span> <span class='ocrx_word' id='word_1_84' title='bbox 269 1070 488 1157; x_wconf 83' lang='lat' dir='ltr'><strong>praeterea,et</strong></span> <span class='ocrx_word' id='word_1_85' title='bbox 510 1097 719 1148; x_wconf 89' lang='lat' dir='ltr'><strong>communem,</strong></span> <span class='ocrx_word' id='word_1_86' title='bbox 742 1087 772 1134; x_wconf 91' lang='lat' dir='ltr'><strong>et</strong></span> <span class='ocrx_word' id='word_1_87' title='bbox 792 1074 981 1134; x_wconf 80' lang='lat' dir='ltr'><strong>consentien-</strong></span> <span class='ocrx_word' id='word_1_88' title='bbox 1018 1064 1035 1087; x_wconf 75' lang='lat'>⁸</span> 
     </span>
     <span class='ocr_line' id='line_1_14' title="bbox 138 1158 980 1241; baseline 0.002 -24"><span class='ocrx_word' id='word_1_89' title='bbox 138 1171 221 1234; x_wconf 88' lang='lat' dir='ltr'><strong>tem,</strong></span> <span class='ocrx_word' id='word_1_90' title='bbox 244 1160 297 1241; x_wconf 84' lang='lat' dir='ltr'><strong>qui</strong></span> <span class='ocrx_word' id='word_1_91' title='bbox 319 1158 408 1219; x_wconf 85' lang='lat' dir='ltr'><strong>rebus</strong></span> <span class='ocrx_word' id='word_1_92' title='bbox 429 1159 535 1220; x_wconf 76' lang='lat' dir='ltr'><strong>iisdem</strong></span> <span class='ocrx_word' id='word_1_93' title='bbox 557 1173 728 1234; x_wconf 85' lang='lat' dir='ltr'><strong>moveatur,</strong></span> <span class='ocrx_word' id='word_1_94' title='bbox 744 1158 813 1240; x_wconf 82' lang='lat' dir='ltr'><strong>eligi</strong></span> <span class='ocrx_word' id='word_1_95' title='bbox 836 1181 890 1241; x_wconf 87' lang='lat' dir='ltr'><strong>par</strong></span> <span class='ocrx_word' id='word_1_96' title='bbox 913 1170 980 1219; x_wconf 83' lang='lat' dir='ltr'><strong>est:</strong></span> 
     </span>
     <span class='ocr_line' id='line_1_15' title="bbox 136 1240 983 1325; baseline -0.002 -23"><span class='ocrx_word' id='word_1_97' title='bbox 136 1264 217 1322; x_wconf 88' lang='lat' dir='ltr'><strong>quae</strong></span> <span class='ocrx_word' id='word_1_98' title='bbox 237 1243 343 1303; x_wconf 85' lang='lat' dir='ltr'><strong>omnia</strong></span> <span class='ocrx_word' id='word_1_99' title='bbox 355 1244 509 1325; x_wconf 75' lang='lat' dir='ltr'><strong>pertinent</strong></span> <span class='ocrx_word' id='word_1_100' title='bbox 523 1243 561 1303; x_wconf 85' lang='lat' dir='ltr'><strong>ad</strong></span> <span class='ocrx_word' id='word_1_101' title='bbox 575 1244 761 1304; x_wconf 86' lang='lat' dir='ltr'><strong>fidelitatem.</strong></span> <span class='ocrx_word' id='word_1_102' title='bbox 785 1240 890 1323; x_wconf 81' lang='lat' dir='ltr'><strong>Neque</strong></span> <span class='ocrx_word' id='word_1_103' title='bbox 903 1242 983 1301; x_wconf 88' lang='lat' dir='ltr'><strong>enim</strong></span> 
     </span>
     <span class='ocr_line' id='line_1_16' title="bbox 136 1325 983 1409; baseline 0.001 -23"><span class='ocrx_word' id='word_1_104' title='bbox 136 1325 234 1386; x_wconf 86' lang='lat' dir='ltr'><strong>lidum</strong></span> <span class='ocrx_word' id='word_1_105' title='bbox 255 1339 354 1408; x_wconf 83' lang='lat' dir='ltr'><strong>potest</strong></span> <span class='ocrx_word' id='word_1_106' title='bbox 373 1348 439 1388; x_wconf 85' lang='lat' dir='ltr'><strong>esse</strong></span> <span class='ocrx_word' id='word_1_107' title='bbox 461 1326 625 1409; x_wconf 81' lang='lat' dir='ltr'><strong>multiplex</strong></span> <span class='ocrx_word' id='word_1_108' title='bbox 661 1326 840 1408; x_wconf 76' lang='lat' dir='ltr'><strong>ingenium,</strong></span> <span class='ocrx_word' id='word_1_109' title='bbox 864 1340 895 1386; x_wconf 87' lang='lat' dir='ltr'><strong>et</strong></span> <span class='ocrx_word' id='word_1_110' title='bbox 923 1338 983 1387; x_wconf 86' lang='lat' dir='ltr'><strong>tor·</strong></span> 
     </span>
     <span class='ocr_line' id='line_1_17' title="bbox 138 1408 986 1494; baseline 0.001 -27"><span class='ocrx_word' id='word_1_111' title='bbox 138 1420 259 1470; x_wconf 83' lang='lat' dir='ltr'><strong>tuosum</strong></span> <span class='ocrx_word' id='word_1_112' title='bbox 274 1408 293 1487; x_wconf 56' lang='grc' dir='ltr'><strong>ς’</strong></span> <span class='ocrx_word' id='word_1_113' title='bbox 308 1433 408 1492; x_wconf 87' lang='lat' dir='ltr'><strong>neque</strong></span> <span class='ocrx_word' id='word_1_114' title='bbox 430 1434 501 1471; x_wconf 78' lang='lat' dir='ltr'><strong>vero</strong></span> <span class='ocrx_word' id='word_1_115' title='bbox 524 1412 578 1494; x_wconf 89' lang='lat' dir='ltr'><strong>qui</strong></span> <span class='ocrx_word' id='word_1_116' title='bbox 600 1434 661 1471; x_wconf 91' lang='lat' dir='ltr'><strong>non</strong></span> <span class='ocrx_word' id='word_1_117' title='bbox 679 1411 786 1471; x_wconf 86' lang='lat' dir='ltr'><strong>iisdem</strong></span> <span class='ocrx_word' id='word_1_118' title='bbox 810 1410 909 1493; x_wconf 72' lang='lat' dir='ltr'><strong>rebus,</strong></span> <span class='ocrx_word' id='word_1_119' title='bbox 922 1431 986 1468; x_wconf 91' lang='lat' dir='ltr'><strong>mo·</strong></span> 
     </span>
     <span class='ocr_line' id='line_1_18' title="bbox 111 1494 985 1572; baseline 0.006 -23"><span class='ocrx_word' id='word_1_120' title='bbox 111 1531 114 1534; x_wconf 56' lang='lat'><strong>&gt;</strong></span> <span class='ocrx_word' id='word_1_121' title='bbox 137 1505 252 1570; x_wconf 77' lang='lat' dir='ltr'><strong>vetur,</strong></span> <span class='ocrx_word' id='word_1_122' title='bbox 274 1507 305 1554; x_wconf 88' lang='lat' dir='ltr'><strong>et</strong></span> <span class='ocrx_word' id='word_1_123' title='bbox 326 1507 433 1556; x_wconf 85' lang='lat' dir='ltr'><strong>natura</strong></span> <span class='ocrx_word' id='word_1_124' title='bbox 456 1495 625 1572; x_wconf 78' lang='lat' dir='ltr'><strong>consentit,</strong></span> <span class='ocrx_word' id='word_1_125' title='bbox 648 1507 701 1557; x_wconf 88' lang='lat' dir='ltr'><strong>aut</strong></span> <span class='ocrx_word' id='word_1_126' title='bbox 723 1494 801 1555; x_wconf 80' lang='lat' dir='ltr'><strong>fidus</strong></span> <span class='ocrx_word' id='word_1_127' title='bbox 814 1539 824 1566; x_wconf 92' lang='lat'><strong>,</strong></span> <span class='ocrx_word' id='word_1_128' title='bbox 847 1506 901 1554; x_wconf 91' lang='lat' dir='ltr'><strong>aut</strong></span> <span class='ocrx_word' id='word_1_129' title='bbox 929 1506 985 1554; x_wconf 88' lang='lat' dir='ltr'><strong>sta·</strong></span> 
     </span>
     <span class='ocr_line' id='line_1_19' title="bbox 138 1574 985 1659; baseline 0.001 -24"><span class='ocrx_word' id='word_1_130' title='bbox 138 1574 208 1637; x_wconf 81' lang='lat' dir='ltr'><strong>bilis</strong></span> <span class='ocrx_word' id='word_1_131' title='bbox 229 1576 422 1659; x_wconf 82' lang='lat' dir='ltr'><strong>potestesse.</strong></span> <span class='ocrx_word' id='word_1_132' title='bbox 445 1579 629 1639; x_wconf 76' lang='lat' dir='ltr'><strong>Addendum</strong></span> <span class='ocrx_word' id='word_1_133' title='bbox 652 1578 759 1640; x_wconf 87' lang='lat' dir='ltr'><strong>eodem</strong></span> <span class='ocrx_word' id='word_1_134' title='bbox 795 1591 862 1653; x_wconf 89' lang='lat' dir='ltr'><strong>est,</strong></span> <span class='ocrx_word' id='word_1_135' title='bbox 885 1590 919 1636; x_wconf 92' lang='lat' dir='ltr'><strong>ut</strong></span> <span class='ocrx_word' id='word_1_136' title='bbox 949 1599 985 1636; x_wconf 87' lang='lat' dir='ltr'><strong>ne</strong></span> 
     </span>
     <span class='ocr_line' id='line_1_20' title="bbox 136 1659 986 1738; baseline 0.004 -19"><span class='ocrx_word' id='word_1_137' title='bbox 136 1659 315 1722; x_wconf 82' lang='lat' dir='ltr'><strong>criminibus</strong></span> <span class='ocrx_word' id='word_1_138' title='bbox 336 1676 390 1723; x_wconf 87' lang='lat' dir='ltr'><strong>aut</strong></span> <span class='ocrx_word' id='word_1_139' title='bbox 411 1661 575 1723; x_wconf 80' lang='lat' dir='ltr'><strong>inferendis</strong></span> <span class='ocrx_word' id='word_1_140' title='bbox 597 1662 790 1738; x_wconf 82' lang='lat' dir='ltr'><strong>delectetur,</strong></span> <span class='ocrx_word' id='word_1_141' title='bbox 813 1676 866 1721; x_wconf 87' lang='lat' dir='ltr'><strong>aut</strong></span> <span class='ocrx_word' id='word_1_142' title='bbox 882 1660 986 1722; x_wconf 84' lang='lat' dir='ltr'><strong>credat</strong></span> 
     </span>
    </p>
   </div>
   <div class='ocr_carea' id='block_1_5' title="bbox 11 1742 985 1837">
    <p class='ocr_par' dir='ltr' id='par_1_5' title="bbox 11 1738 985 1837">
     <span class='ocr_line' id='line_1_21' title="bbox 11 1742 985 1837; baseline -0.003 -29"><span class='ocrx_word' id='word_1_143' title='bbox 11 1794 14 1802; x_wconf 88' lang='lat'>.</span> <span class='ocrx_word' id='word_1_144' title='bbox 114 1742 256 1837; x_wconf 47' lang='lat' dir='ltr'><strong>,illatis3</strong></span> <span class='ocrx_word' id='word_1_145' title='bbox 280 1768 358 1827; x_wconf 84' lang='lat' dir='ltr'><strong>quae</strong></span> <span class='ocrx_word' id='word_1_146' title='bbox 386 1748 489 1808; x_wconf 87' lang='lat' dir='ltr'><strong>omnia</strong></span> <span class='ocrx_word' id='word_1_147' title='bbox 516 1748 670 1830; x_wconf 82' lang='lat' dir='ltr'><strong>pertinent</strong></span> <span class='ocrx_word' id='word_1_148' title='bbox 705 1747 750 1806; x_wconf 50' lang='lat' dir='ltr'><strong>ad,</strong></span> <span class='ocrx_word' id='word_1_149' title='bbox 773 1768 862 1821; x_wconf 86' lang='lat' dir='ltr'><strong>eam,</strong></span> <span class='ocrx_word' id='word_1_150' title='bbox 893 1768 985 1827; x_wconf 88' lang='lat' dir='ltr'><strong>quam</strong></span> 
     </span>
    </p>
   </div>
   <div class='ocr_carea' id='block_1_6' title="bbox 83 1827 990 2901">
    <p class='ocr_par' dir='ltr' id='par_1_6' title="bbox 83 1827 990 2901">
     <span class='ocr_line' id='line_1_22' title="bbox 122 1827 986 1907; baseline 0.005 -21"><span class='ocrx_word' id='word_1_151' title='bbox 122 1827 316 1890; x_wconf 73' lang='lat' dir='ltr'><strong>‘iamdudum</strong></span> <span class='ocrx_word' id='word_1_152' title='bbox 347 1844 460 1907; x_wconf 86' lang='lat' dir='ltr'><strong>tracto,</strong></span> <span class='ocrx_word' id='word_1_153' title='bbox 496 1833 705 1892; x_wconf 75' lang='lat' dir='ltr'><strong>constantiam.</strong></span> <span class='ocrx_word' id='word_1_154' title='bbox 735 1831 783 1892; x_wconf 87' lang='lat' dir='ltr'><strong>Ita</strong></span> <span class='ocrx_word' id='word_1_155' title='bbox 811 1830 863 1889; x_wconf 71' lang='lat' dir='ltr'><strong>fitv</strong></span> <span class='ocrx_word' id='word_1_156' title='bbox 882 1846 986 1890; x_wconf 83' lang='lat' dir='ltr'><strong>rerum</strong></span> 
     </span>
     <span class='ocr_line' id='line_1_23' title="bbox 139 1912 986 1998; baseline 0.004 -27"><span class='ocrx_word' id='word_1_157' title='bbox 139 1912 241 1987; x_wconf 86' lang='lat' dir='ltr'><strong>illud,</strong></span> <span class='ocrx_word' id='word_1_158' title='bbox 262 1915 345 1995; x_wconf 87' lang='lat' dir='ltr'><strong>quod</strong></span> <span class='ocrx_word' id='word_1_159' title='bbox 381 1915 467 1975; x_wconf 87' lang='lat' dir='ltr'><strong>initio</strong></span> <span class='ocrx_word' id='word_1_160' title='bbox 503 1915 591 1991; x_wconf 80' lang='lat' dir='ltr'><strong>dixi,</strong></span> <span class='ocrx_word' id='word_1_161' title='bbox 628 1916 791 1978; x_wconf 82' lang='lat' dir='ltr'><strong>amicitiam</strong></span> <span class='ocrx_word' id='word_1_162' title='bbox 824 1913 881 1972; x_wconf 86' lang='lat' dir='ltr'><strong>nisi</strong></span> <span class='ocrx_word' id='word_1_163' title='bbox 904 1913 986 1998; x_wconf 83' lang='lat' dir='ltr'><strong>inter</strong></span> 
     </span>
     <span class='ocr_line' id='line_1_24' title="bbox 138 1994 987 2082; baseline 0.005 -28"><span class='ocrx_word' id='word_1_164' title='bbox 138 1994 253 2070; x_wconf 86' lang='lat' dir='ltr'><strong>bonos,</strong></span> <span class='ocrx_word' id='word_1_165' title='bbox 269 2019 329 2057; x_wconf 86' lang='lat' dir='ltr'><strong>esse</strong></span> <span class='ocrx_word' id='word_1_166' title='bbox 351 2021 411 2059; x_wconf 90' lang='lat' dir='ltr'><strong>non</strong></span> <span class='ocrx_word' id='word_1_167' title='bbox 433 2007 530 2082; x_wconf 84' lang='lat' dir='ltr'><strong>posse.</strong></span> <span class='ocrx_word' id='word_1_168' title='bbox 544 2000 600 2061; x_wconf 78' lang='lat' dir='ltr'><strong>Est</strong></span> <span class='ocrx_word' id='word_1_169' title='bbox 619 2001 699 2060; x_wconf 85' lang='lat' dir='ltr'><strong>enim</strong></span> <span class='ocrx_word' id='word_1_170' title='bbox 712 1998 787 2060; x_wconf 89' lang='lat' dir='ltr'><strong>boni</strong></span> <span class='ocrx_word' id='word_1_171' title='bbox 811 1997 881 2070; x_wconf 85' lang='lat' dir='ltr'><strong>viri,</strong></span> <span class='ocrx_word' id='word_1_172' title='bbox 895 2002 987 2078; x_wconf 85' lang='lat' dir='ltr'><strong>q&#39;uem</strong></span> 
     </span>
     <span class='ocr_line' id='line_1_25' title="bbox 142 2077 987 2166; baseline 0.005 -28"><span class='ocrx_word' id='word_1_173' title='bbox 142 2077 275 2139; x_wconf 87' lang='lat' dir='ltr'><strong>eundem</strong></span> <span class='ocrx_word' id='word_1_174' title='bbox 296 2084 461 2166; x_wconf 82' lang='lat' dir='ltr'><strong>sapientem</strong></span> <span class='ocrx_word' id='word_1_175' title='bbox 484 2084 556 2144; x_wconf 87' lang='lat' dir='ltr'><strong>licet</strong></span> <span class='ocrx_word' id='word_1_176' title='bbox 570 2085 693 2160; x_wconf 77' lang='lat' dir='ltr'><strong>dicere,</strong></span> <span class='ocrx_word' id='word_1_177' title='bbox 711 2086 785 2144; x_wconf 88' lang='lat' dir='ltr'><strong>haec</strong></span> <span class='ocrx_word' id='word_1_178' title='bbox 800 2081 861 2141; x_wconf 91' lang='lat' dir='ltr'><strong>duo</strong></span> <span class='ocrx_word' id='word_1_179' title='bbox 884 2092 987 2142; x_wconf 76' lang='lat' dir='ltr'><strong>tenere</strong></span> 
     </span>
     <span class='ocr_line' id='line_1_26' title="bbox 83 2161 986 2248; baseline 0.008 -28"><span class='ocrx_word' id='word_1_180' title='bbox 83 2188 85 2193; x_wconf 64' lang='grc'><em>’</em></span> <span class='ocrx_word' id='word_1_181' title='bbox 140 2161 175 2222; x_wconf 89' lang='lat' dir='ltr'><strong>in</strong></span> <span class='ocrx_word' id='word_1_182' title='bbox 198 2164 350 2226; x_wconf 68' lang='lat' dir='ltr'><strong>amicitia:</strong></span> <span class='ocrx_word' id='word_1_183' title='bbox 373 2168 504 2248; x_wconf 84' lang='lat' dir='ltr'><strong>primum</strong></span> <span class='ocrx_word' id='word_1_184' title='bbox 527 2189 564 2227; x_wconf 89' lang='lat' dir='ltr'><strong>ne</strong></span> <span class='ocrx_word' id='word_1_185' title='bbox 586 2168 791 2248; x_wconf 84' lang='lat' dir='ltr'><strong>quidlictum</strong></span> <span class='ocrx_word' id='word_1_186' title='bbox 823 2167 885 2244; x_wconf 87' lang='lat' dir='ltr'><strong>sit,</strong></span> <span class='ocrx_word' id='word_1_187' title='bbox 909 2189 986 2227; x_wconf 83' lang='lat' dir='ltr'><strong>nere</strong></span> 
     </span>
     <span class='ocr_line' id='line_1_27' title="bbox 85 2248 985 2333; baseline 0.008 -29"><span class='ocrx_word' id='word_1_188' title='bbox 85 2298 88 2303; x_wconf 82' lang='lat'>.</span> <span class='ocrx_word' id='word_1_189' title='bbox 140 2248 317 2309; x_wconf 87' lang='lat' dir='ltr'><strong>simulatum</strong></span> <span class='ocrx_word' id='word_1_190' title='bbox 330 2265 467 2333; x_wconf 69' lang='lat' dir='ltr'><strong>,aperte</strong></span> <span class='ocrx_word' id='word_1_191' title='bbox 489 2253 570 2312; x_wconf 89' lang='lat' dir='ltr'><strong>enim</strong></span> <span class='ocrx_word' id='word_1_192' title='bbox 592 2251 640 2310; x_wconf 77' lang='lat' dir='ltr'><strong>vel</strong></span> <span class='ocrx_word' id='word_1_193' title='bbox 662 2251 758 2311; x_wconf 86' lang='lat' dir='ltr'><strong>odisse</strong></span> <span class='ocrx_word' id='word_1_194' title='bbox 779 2251 886 2331; x_wconf 78' lang='lat' dir='ltr'><strong>magis¹</strong></span> <span class='ocrx_word' id='word_1_195' title='bbox 900 2251 985 2331; x_wconf 84' lang='lat' dir='ltr'><strong>inge-</strong></span> 
     </span>
     <span class='ocr_line' id='line_1_28' title="bbox 141 2334 984 2418; baseline 0.004 -27"><span class='ocrx_word' id='word_1_196' title='bbox 141 2352 239 2392; x_wconf 88' lang='lat' dir='ltr'><strong>nuum</strong></span> <span class='ocrx_word' id='word_1_197' title='bbox 259 2344 326 2408; x_wconf 86' lang='lat' dir='ltr'><strong>est,</strong></span> <span class='ocrx_word' id='word_1_198' title='bbox 348 2356 439 2418; x_wconf 86' lang='lat' dir='ltr'><strong>quam</strong></span> <span class='ocrx_word' id='word_1_199' title='bbox 461 2334 561 2398; x_wconf 82' lang='lat' dir='ltr'><strong>fronte</strong></span> <span class='ocrx_word' id='word_1_200' title='bbox 594 2335 745 2415; x_wconf 76' lang='lat' dir='ltr'><strong>occultare</strong></span> <span class='ocrx_word' id='word_1_201' title='bbox 780 2335 984 2409; x_wconf 65' lang='lat' dir='ltr'><strong>sententiam</strong></span> 
     </span>
     <span class='ocr_line' id='line_1_29' title="bbox 134 2413 986 2504; baseline 0.002 -30"><span class='ocrx_word' id='word_1_202' title='bbox 134 2413 254 2479; x_wconf 85' lang='lat' dir='ltr'><strong>deinde</strong></span> <span class='ocrx_word' id='word_1_203' title='bbox 274 2439 334 2478; x_wconf 89' lang='lat' dir='ltr'><strong>non</strong></span> <span class='ocrx_word' id='word_1_204' title='bbox 347 2420 444 2481; x_wconf 89' lang='lat' dir='ltr'><strong>solum</strong></span> <span class='ocrx_word' id='word_1_205' title='bbox 465 2421 503 2482; x_wconf 88' lang='lat' dir='ltr'><strong>ab</strong></span> <span class='ocrx_word' id='word_1_206' title='bbox 519 2421 621 2504; x_wconf 82' lang='lat' dir='ltr'><strong>aliquo</strong></span> <span class='ocrx_word' id='word_1_207' title='bbox 635 2420 741 2481; x_wconf 87' lang='lat' dir='ltr'><strong>allatas</strong></span> <span class='ocrx_word' id='word_1_208' title='bbox 762 2418 986 2479; x_wconf 86' lang='lat' dir='ltr'><strong>criminationes</strong></span> 
     </span>
     <span class='ocr_line' id='line_1_30' title="bbox 141 2498 989 2586; baseline 0 -28"><span class='ocrx_word' id='word_1_209' title='bbox 141 2498 319 2581; x_wconf 82' lang='lat' dir='ltr'><strong>depellere,</strong></span> <span class='ocrx_word' id='word_1_210' title='bbox 342 2503 395 2563; x_wconf 89' lang='lat' dir='ltr'><strong>sed</strong></span> <span class='ocrx_word' id='word_1_211' title='bbox 418 2526 455 2564; x_wconf 93' lang='lat' dir='ltr'><strong>ne</strong></span> <span class='ocrx_word' id='word_1_212' title='bbox 477 2506 573 2584; x_wconf 87' lang='lat' dir='ltr'><strong>ipsum</strong></span> <span class='ocrx_word' id='word_1_213' title='bbox 598 2504 720 2586; x_wconf 91' lang='lat' dir='ltr'><strong>quidem</strong></span> <span class='ocrx_word' id='word_1_214' title='bbox 745 2525 807 2563; x_wconf 86' lang='lat' dir='ltr'><strong>esse</strong></span> <span class='ocrx_word' id='word_1_215' title='bbox 841 2500 989 2581; x_wconf 87' lang='lat' dir='ltr'><strong>suspicio-</strong></span> 
     </span>
     <span class='ocr_line' id='line_1_31' title="bbox 142 2586 988 2669; baseline 0.005 -28"><span class='ocrx_word' id='word_1_216' title='bbox 142 2604 234 2659; x_wconf 84' lang='lat' dir='ltr'><strong>sum,</strong></span> <span class='ocrx_word' id='word_1_217' title='bbox 257 2608 374 2668; x_wconf 81' lang='lat' dir='ltr'><strong>semper</strong></span> <span class='ocrx_word' id='word_1_218' title='bbox 384 2586 500 2669; x_wconf 87' lang='lat' dir='ltr'><strong>aliquid</strong></span> <span class='ocrx_word' id='word_1_219' title='bbox 522 2590 740 2649; x_wconf 78' lang='lat' dir='ltr'><strong>existimantem</strong></span> <span class='ocrx_word' id='word_1_220' title='bbox 754 2588 793 2648; x_wconf 89' lang='lat' dir='ltr'><strong>ab</strong></span> <span class='ocrx_word' id='word_1_221' title='bbox 816 2589 912 2647; x_wconf 73' lang='lat' dir='ltr'><strong>amieo</strong></span> <span class='ocrx_word' id='word_1_222' title='bbox 926 2606 988 2645; x_wconf 90' lang='lat' dir='ltr'><strong>esse</strong></span> 
     </span>
     <span class='ocr_line' id='line_1_32' title="bbox 142 2667 990 2751; baseline 0.006 -26"><span class='ocrx_word' id='word_1_223' title='bbox 142 2667 301 2741; x_wconf 76' lang='lat' dir='ltr'><strong>uiolatum.</strong></span> <span class='ocrx_word' id='word_1_224' title='bbox 323 2672 455 2733; x_wconf 71' lang='lat' dir='ltr'><strong>Accedat</strong></span> <span class='ocrx_word' id='word_1_225' title='bbox 472 2674 530 2733; x_wconf 88' lang='lat' dir='ltr'><strong>huc</strong></span> <span class='ocrx_word' id='word_1_226' title='bbox 551 2672 680 2733; x_wconf 81' lang='lat' dir='ltr'><strong>suavitas</strong></span> <span class='ocrx_word' id='word_1_227' title='bbox 701 2671 850 2751; x_wconf 90' lang='lat' dir='ltr'><strong>quaedam</strong></span> <span class='ocrx_word' id='word_1_228' title='bbox 868 2683 990 2750; x_wconf 90' lang='lat' dir='ltr'><strong>oportet</strong></span> 
     </span>
     <span class='ocr_line' id='line_1_33' title="bbox 142 2750 990 2837; baseline -0.001 -25"><span class='ocrx_word' id='word_1_229' title='bbox 142 2773 340 2830; x_wconf 77' lang='lat' dir='ltr'><strong>sermonum,</strong></span> <span class='ocrx_word' id='word_1_230' title='bbox 362 2769 454 2837; x_wconf 90' lang='lat' dir='ltr'><strong>atque</strong></span> <span class='ocrx_word' id='word_1_231' title='bbox 486 2779 627 2832; x_wconf 89' lang='lat' dir='ltr'><strong>morum,</strong></span> <span class='ocrx_word' id='word_1_232' title='bbox 659 2750 895 2836; x_wconf 80' lang='lat' dir='ltr'><strong>haudquaquam</strong></span> <span class='ocrx_word' id='word_1_233' title='bbox 929 2776 990 2812; x_wconf 89' lang='lat' dir='ltr'><strong>me-</strong></span> 
     </span>
     <span class='ocr_line' id='line_1_34' title="bbox 143 2835 989 2901; baseline -0.001 -5"><span class='ocrx_word' id='word_1_234' title='bbox 143 2835 247 2898; x_wconf 83' lang='lat' dir='ltr'><strong>diocre</strong></span> <span class='ocrx_word' id='word_1_235' title='bbox 270 2838 495 2900; x_wconf 88' lang='lat' dir='ltr'><strong>condimentum</strong></span> <span class='ocrx_word' id='word_1_236' title='bbox 518 2840 676 2901; x_wconf 82' lang='lat' dir='ltr'><strong>amicitiae.</strong></span> <span class='ocrx_word' id='word_1_237' title='bbox 693 2839 709 2897; x_wconf 78' lang='lat' dir='ltr'><em>b</em></span> <span class='ocrx_word' id='word_1_238' title='bbox 725 2838 863 2900; x_wconf 86' lang='lat' dir='ltr'><strong>Tristitia</strong></span> <span class='ocrx_word' id='word_1_239' title='bbox 884 2847 989 2896; x_wconf 80' lang='lat' dir='ltr'><strong>autem</strong></span> 
     </span>
    </p>
   </div>
   <div class='ocr_carea' id='block_1_7' title="bbox 142 2939 900 3090">
    <p class='ocr_par' dir='ltr' id='par_1_7' title="bbox 142 2939 900 3090">
     <span class='ocr_line' id='line_1_35' title="bbox 142 2939 754 3008; baseline 0.003 -5"><span class='ocrx_word' id='word_1_240' title='bbox 142 2970 162 3002; x_wconf 70' lang='lat' dir='ltr'><strong>a</strong></span> <span class='ocrx_word' id='word_1_241' title='bbox 178 2953 256 3005; x_wconf 68' lang='lat' dir='ltr'><strong>erues</strong></span> <span class='ocrx_word' id='word_1_242' title='bbox 275 2939 527 3008; x_wconf 56' lang='lat' dir='ltr'><strong>stabilitamenta</strong></span> <span class='ocrx_word' id='word_1_243' title='bbox 539 2956 754 3007; x_wconf 70' lang='lat' dir='ltr'><strong>fundamentum.</strong></span> 
     </span>
     <span class='ocr_line' id='line_1_36' title="bbox 143 3016 900 3090; baseline 0 -20"><span class='ocrx_word' id='word_1_244' title='bbox 143 3019 160 3070; x_wconf 81' lang='lat' dir='ltr'><em>b</em></span> <span class='ocrx_word' id='word_1_245' title='bbox 177 3019 320 3090; x_wconf 78' lang='lat' dir='ltr'><strong>Tristitia,</strong></span> <span class='ocrx_word' id='word_1_246' title='bbox 339 3032 365 3076; x_wconf 88' lang='lat' dir='ltr'><strong>et</strong></span> <span class='ocrx_word' id='word_1_247' title='bbox 383 3024 506 3084; x_wconf 76' lang='lat' dir='ltr'><strong>severiter</strong></span> <span class='ocrx_word' id='word_1_248' title='bbox 525 3025 615 3078; x_wconf 70' lang='lat' dir='ltr'><strong>aberae</strong></span> <span class='ocrx_word' id='word_1_249' title='bbox 633 3023 729 3076; x_wconf 81' lang='lat' dir='ltr'><strong>debent</strong></span> <span class='ocrx_word' id='word_1_250' title='bbox 745 3023 778 3081; x_wconf 74' lang='lat' dir='ltr'><strong>ab</strong></span> <span class='ocrx_word' id='word_1_251' title='bbox 796 3016 900 3072; x_wconf 78' lang='lat' dir='ltr'><strong>amicis.</strong></span> 
     </span>
    </p>
   </div>
   <div class='ocr_carea' id='block_1_8' title="bbox 0 0 1198 3567">
    <p class='ocr_par' dir='ltr' id='par_1_8' title="bbox 0 0 1198 3567">
     <span class='ocr_line' id='line_1_37' title="bbox 0 0 1198 3567; baseline 0 0"><span class='ocrx_word' id='word_1_252' title='bbox 0 0 1198 3567; x_wconf 95' lang='lat' dir='ltr'><strong> </strong></span> 
     </span>
    </p>
   </div>
  </div>
 </body>
</html>
