2359 3567
293 110 308 123 „
408 90 543 144 narnus,
567 88 616 128 sur
637 87 673 128 nn
694 88 774 129 aute.
904 62 971 131 v223

144 150 298 238 ¹quidem
318 153 425 217 illius:
448 153 500 211 sed
521 174 575 232 ego
598 151 796 212 admiratione
819 150 948 231 quadam
961 152 1016 212 rir-

170 239 242 300 tutis
263 239 349 313 eius,
373 236 425 296 ille
447 237 572 297 vicissim
606 236 750 319 opinione
786 234 907 294 sortasse
939 256 1016 295 non*

168 322 279 397 nulla,
313 324 403 404 qualo
442 319 479 379 dc
515 321 587 380 meis
623 320 755 380 moribus
784 319 944 397 habebar,
969 342 1017 381 ure

167 404 298 481 dilexit3
334 405 690 465 auxit‘bencvolentiam
724 402 922 466 consuetudo.
956 404 1017 463 Sed

168 508 352 572 quamquam
365 489 507 556 utilitates
520 488 632 549 multae
645 502 675 549 et
696 510 819 569 maguae
840 501 1016 549 consecutae

169 582 261 649 sunt,
284 596 344 633 non
366 585 438 633 suut
465 585 562 632 tamen
601 573 774 639 obseram
809 568 861 654 spe
897 593 1016 631 caussae

108 675 119 687 ··
170 656 315 738 diligendi
338 657 499 739 profectae.
521 656 653 717 Vtcnim
676 655 801 715 benefici
816 654 1017 736 liberalesque

170 761 295 815 sumus,
326 752 456 800 nouut
492 741 647 821 exigamus
679 740 802 822 gratiam
838 741 879 816 (a
916 761 1016 820 neque

169 824 250 883 enim
273 824 451 884 beneficium
482 824 692 900 foeneremur,
724 823 775 884 scd
793 836 908 884 natura
945 845 1016 905 pro·

74 937 81 947 ·
152 908 259 989 'pensi
280 908 318 967 ad
341 908 537 968 liberalitates
559 907 724 987 suruusllr
756 908 796 969 sic
832 907 1015 983 amicitiam,

169 1013 230 1050 non
253 1013 306 1072 spe
328 993 476 1053 mercedis
497 992 640 1065 adcincti,
664 991 715 1051 scd
738 993 820 1075 quod
842 993 938 1052 omnis
953 992 1017 1069 eius

170 1073 285 1151 fructus
308 1074 339 1135 in
362 1076 426 1160 ipso
448 1099 548 1136 amore
570 1079 669 1153 inest,
693 1077 893 1160 expetendam
925 1080 1014 1157 puta·

164 1170 246 1219 snus.
269 1158 395 1237 abiis,
418 1161 469 1242 qui
488 1161 642 1242 ‘pecudum
666 1161 725 1219 ritu
760 1161 798 1222 arl
829 1160 1016 1241 voluptatem

167 1243 269 1304 omnia
291 1242 453 1323 referunt,
475 1246 562 1326 longe
585 1245 773 1306 dissentiunt.
795 1243 858 1306 Nec
885 1246 1015 1305 mirum:
1056 1309 1059 1315 ,

111 1378 119 1401 ,
169 1325 249 1387 nihil
271 1327 350 1388 enim
371 1330 488 1405 altum‘,
512 1330 588 1390 nibil
602 1329 858 1411 magnificum,ac
878 1327 1016 1392 (lirinum
1053 1338 1057 1343 ‘

76 1448 79 1454 -
164 1410 317 1491 suspicere
337 1410 483 1495 possunt3
507 1415 562 1496 qui
589 1437 657 1475 suas
690 1435 793 1475 omnes
808 1434 811 1441 ·
824 1414 1017 1496 cogitationes

164 1493 346 1556 ‘abiecerunt
368 1496 400 1556 in
422 1519 484 1557 rem
507 1512 566 1559 tam
590 1501 759 1579 humilem,
789 1513 912 1584 tamque
941 1524 1015 1562 con·
1095 1500 1097 1503 ’

169 1588 303 1640 temtam.
331 1580 535 1658 Quamobrem
572 1587 627 1644 hos
649 1585 772 1666 quidem
805 1586 845 1645 ab
879 1587 936 1648 hoc
958 1609 1017 1651 scr·

162 1674 257 1722 ‘ruone
294 1685 518 1729 removeamus:
554 1667 609 1750 ipsi
645 1682 756 1732 autem¹
783 1671 1014 1754 intelligamus,

168 1754 274 1807 natura
296 1749 376 1830 gigni
398 1771 513 1811 sensum
536 1752 704 1835 diligendi,
728 1768 757 1816 et
787 1755 1015 1821 benevolentiae

82 1835 84 1839 ’
116 1840 119 1845 ’
168 1832 343 1909 caritatem,
366 1833 441 1903 lacta
471 1836 684 1918 significatione
705 1839 884 1922 probitatis3
922 1864 1013 1924 quam

158 1915 222 1995 *qui
255 1917 485 1999 appetirerunt,
521 1920 675 2004 applicant
706 1946 793 2000 scse,
828 1937 859 1984 et
891 1928 1015 2009 pronius

158 1997 348 2076 'admoveut,
372 2013 405 2062 ut
426 2016 457 2062 et
479 2028 532 2066 usu
556 2006 642 2079 eius,
665 2029 754 2089 quem
785 2009 909 2090 diligere
942 2032 1012 2073 coe·

98 2087 100 2090 ’
168 2096 307 2164 perurat,
332 2086 493 2164 fruantur,
518 2102 548 2149 et
583 2090 741 2175 moribus,
772 2092 895 2173 sintque
926 2112 1014 2177 pares
1089 2158 1096 2167 k

65 2254 71 2259 .
168 2166 199 2226 in
222 2188 325 2230 amore
348 2181 378 2229 ct
399 2173 562 2254 aequales,
586 2176 852 2257 propensioresque
874 2178 912 2239 orl
936 2179 1014 2245 benc

169 2251 367 2327 merendum,
390 2277 479 2336 qnam
503 2257 541 2317 ad
563 2259 791 2340 reposcendum.
815 2264 916 2346 Atque
939 2265 1014 2325 hacc

168 2332 317 2396 intereos
338 2331 376 2396 sit
398 2339 521 2400 honesta
554 2341 690 2404 certatio.
719 2344 768 2404 Sic
804 2358 835 2404 ct
869 2335 1013 2408 utilitates

168 2438 208 2476 ex
229 2421 358 2481 amicitia
382 2425 510 2484 maxime
532 2426 705 2508 capientur,
720 2441 751 2488 et
772 2430 829 2490 erit
845 2430 909 2490 cius
930 2443 1012 2490 ortus

169 2522 187 2559 a
209 2516 336 2580 natura,
349 2526 448 2650 lxquarn
482 2509 521 2573 ab
554 2510 783 2590 imbecillitate,
813 2525 843 2572 et
869 2514 1011 2594 gravior,

73 2585 76 2595 ⁴
168 2597 199 2644 et
221 2587 338 2679 uerior⁸¹
376 2612 423 2651 am
446 2592 469 2655 si
482 2593 595 2654 utilitas
609 2595 753 2669 amicitias
768 2596 1011 2685 conglutinaret,
1041 2624 1047 2643 r

169 2817 187 2852 a
203 2798 265 2851 Non
282 2819 337 2854 case
355 2804 545 2861 foenerandum
559 2811 731 2865 beneficium.

156 2866 186 2917 *l
201 2870 327 2921 Amicitia
353 2888 409 2924 nou
432 2892 478 2945 ape
507 2879 658 2946 mercedis,
682 2882 728 2932 sed
758 2898 791 2934 ex
807 2883 896 2936 fructu
914 2882 1011 2941 amoris

203 2938 347 3009 expetenda
364 2947 411 2994 est
