2359 3567
391 177 422 216 ιιι
445 175 503 216 ua.
525 174 562 217 ora
584 173 698 216 saraca.
863 126 936 213 361¹
1019 190 1020 197 .

46 300 49 309 ,
117 239 316 324 usqueadeo
337 235 427 303 fuisse
449 238 709 324 superstisiosnm,
731 256 766 296 ao
790 236 897 321 paullo
915 235 967 295 in·

120 327 226 387 serius.

106 448 112 454 ·
144 400 218 470 'ao
241 407 325 467 Cedo
359 406 413 488 qui
449 387 594 467 vestrim·
614 405 752 491 rempub.
783 409 794 483 t
833 406 970 487 Apparet
1029 464 1033 469 ,
1113 426 1122 437 ·

79 486 81 495 ’
120 515 247 554 carmon
270 512 332 552 esse
355 490 518 564 iambicum
542 502 762 559 tetrametrum.
786 488 828 551 Et
849 503 970 551 constat

118 576 224 637 addita
247 575 381 636 dictione
405 588 532 650 tantum,
557 596 636 656 qnae
660 574 691 632 in
715 573 822 635 nostris
843 573 979 657 vulgatis.

118 660 347 741 exemplaribus
369 659 516 723 hactenus
538 680 601 719 non
624 656 810 733 habebatur,
833 671 867 718 ut
890 661 970 741 legar

120 759 172 806 tur
193 742 232 804 ad
256 744 336 804 hunc
357 743 503 804 modurn:
532 741 631 817 cedo',
655 744 708 824 qui
731 756 859 803 vestram
871 766 969 827 remp.

95 826 97 831 ’
120 841 235 890 tantam
259 826 398 887 amisistis
419 840 479 888 tam
502 828 574 887 cito.
598 826 659 889 Sed
681 826 759 885 alter
781 849 883 886 versus
907 850 982 900 non„
1045 842 1050 887 ¹,

118 910 251 996 perinde
272 923 390 972 constat
409 912 473 970 suis
495 910 626 992 pedibus
641 909 698 970 nisi
713 910 855 990 tegamus:
871 911 968 973 Porro

118 995 284 1056 veniebant
304 997 441 1056 rhetores
463 995 556 1071 novi,
579 994 665 1054 stulti
686 994 917 1057 adolescentuli.
931 998 982 1058 Et.

119 1080 288 1145 verisimile
308 1091 377 1156 est,
407 1079 534 1140 scribam
557 1102 613 1160 pro
647 1080 804 1152 rhetores,
838 1083 970 1163 posuisse
1020 1092 1024 1102 '

33 1164 36 1169 Χ
118 1176 272 1240 oratores,
294 1185 349 1223 ceu
373 1186 476 1224 rocem
497 1164 577 1223 idern
600 1163 776 1246 pollentem.
800 1164 969 1245 Ceterum,
1034 1187 1039 1192 ’

117 1248 205 1329 quod
228 1248 269 1307 in*
290 1248 420 1328 vulgatis
442 1247 601 1307 codicibus
636 1246 766 1308 habetur
796 1248 968 1331 scriptum,

116 1344 154 1392 ut
167 1344 211 1392 est
228 1331 260 1390 in
268 1331 361 1395 Ennii
373 1345 481 1413 poetae
497 1330 593 1394 libro!
606 1332 637 1391 in
650 1328 715 1390 aliis
727 1343 760 1390 ut
773 1344 818 1392 est
832 1333 862 1393 in
874 1334 975 1417 Ennii

32 1482 41 1488 .
114 1416 287 1498 posteriore
300 1414 391 1489 libro,
404 1416 485 1476 haud
498 1416 591 1477 dubie
604 1416 780 1479 mendosum
792 1429 836 1477 ost
846 1441 853 1477 r
863 1417 967 1500 legen·
1020 1427 1023 1431 ’

114 1500 192 1560 dum
216 1511 343 1576 autem,
366 1514 401 1561 ut
422 1513 467 1560 est
488 1502 519 1561 in
542 1499 648 1560 Naevii
660 1500 852 1575 ludo,sirein
863 1502 968 1566 Naevii

114 1594 229 1667 poetae
243 1583 327 1645 iudo.
341 1583 417 1645 Nam
439 1597 471 1644 et
491 1585 671 1649 Theodorus
692 1586 781 1644 vertit
796 1583 826 1644 iv
847 1585 967 1667 πάιδιᾷ.

113 1666 294 1743 Praeterea,
308 1668 390 1751 quod
413 1670 445 1729 in
459 1671 566 1730 nostris
579 1668 720 1745 habetur,
736 1668 778 1729 sic
797 1668 877 1729 enim
893 1691 966 1750 per-

12 1802 14 1805 .
113 1765 294 1828 coutantur,
316 1752 570 1835 quemadmodum
594 1754 698 1837 legisse
720 1746 839 1815 ridetur
867 1752 969 1816 Theo-

114 1836 227 1913 dorus,
249 1835 302 1898 atii
325 1838 454 1920 tegunt,
491 1839 532 1899 sic
566 1840 645 1903 enim
679 1837 897 1921 percontanti,
935 1853 969 1901 nt

76 1916 80 1929 ¹
114 1934 164 1981 est
186 1921 219 1981 in
242 1918 346 1981 Naevii
380 1923 471 1996 iudo,
507 1923 731 2007 respondentur
764 1936 797 1983 et
829 1922 914 1998 alia,
937 1938 969 1985 et

113 2008 179 2068 hoe
201 2006 231 2065 in
254 2007 371 2087 primis.
711 2006 718 2029 ⁸

162 2113 200 2150 ar
225 2091 327 2168 Quum
349 2104 446 2151 aetate
467 2094 666 2173 processisset.
690 2091 784 2171 >Qui
808 2107 970 2173 provectae

116 2176 159 2236 sit
180 2175 310 2251 aetatis,
333 2197 402 2235 cum
423 2176 498 2236 dicit
510 2176 551 2239 ‚in
572 2191 671 2238 aetate
693 2172 882 2258 processisse.¹

78 2316 80 2321 s
161 2281 214 2319 22.
235 2256 280 2318 Ne
304 2259 428 2341 perdam
451 2261 640 2324 memoriam.
665 2266 675 2339 t
707 2260 805 2344 Vulgo
835 2262 967 2343 putaba-

116 2361 169 2406 tur
188 2343 309 2404 officere
332 2345 508 2422 memoriae,
521 2345 546 2405 si
566 2350 634 2427 quis
657 2346 770 2427 legeret
794 2346 966 2430 inscriptio-

115 2448 199 2491 nem*
211 2431 430 2512 sepulcrorum.

162 2513 202 2575 23
235 2515 371 2589 Omnia,
395 2535 474 2594 quae
496 2526 614 2574 curant.
639 2517 649 2594 )
671 2514 772 2575 ⁴Aliter
798 2537 870 2576 curo
893 2516 965 2596 qui·

116 2598 174 2681 bns
197 2596 371 2679 prospicio:
392 2599 484 2659 aliter
505 2622 552 2673 ea,
575 2621 653 2679 quac
675 2600 749 2660 mihi
772 2611 967 2683 curae-sunt.

64 2706 67 2713 ·
145 2695 201 2762 ,24
227 2681 275 2741 Ad
297 2704 443 2742 summam
465 2687 693 2761 senectutem.)
719 2685 800 2745 Dixit
825 2683 901 2745 sicut
922 2684 967 2757 ¹ad

117 2778 311 2838 extremum,
334 2788 390 2848 pro
411 2779 577 2849 prostremo
608 2766 685 2827 loco.
709 2767 749 2828 Et
785 2791 862 2830 nove
890 2768 969 2831 dixit

116 2850 218 2911 faeere
241 2848 445 2930 Tragoedies,
469 2850 690 2933 proscribere.

161 2936 200 2994 25
235 2934 350 3014 Quam,
366 2934 445 2998 iliud
492 2934 584 2998 idem.
618 2940 629 3015 )
665 2935 806 3000 Fortasse
842 2934 968 3003 videbor

594 3151 597 3161 1
628 3022 658 3105 Q
