2359 3567
359 168 495 222 arsurus,
518 168 565 209 sur
586 155 624 207 ua
645 169 725 209 aure.
761 180 765 189 ·
861 171 922 233 ²¹9

119 236 275 320 praelucet
296 234 326 293 in
349 247 524 316 posterum3
555 254 612 293 uec
646 230 797 291 debilitari
831 233 968 310 animos,

120 335 173 382 ant
211 318 318 380 cadere
354 319 477 402 patitur.
519 315 634 377 Verum
679 316 770 378 etiam
807 316 969 394 amicum,

121 406 176 488 qni
211 406 371 478 intuetur,
403 416 544 484 tanquam
572 399 730 481 exemplar
762 399 887 483 aliquod
921 403 968 463 in·

122 502 226 552 tuetur
254 488 331 550 sui.·
381 488 497 548 uocbca
532 498 564 546 et
601 485 739 545 absentes
771 483 900 561 adsunt3
938 499 970 547 et

120 585 241 653 egentes
262 572 320 632 abu
365 584 437 647 ant,
459 583 490 631 et
510 560 675 631 imbecilles
697 564 818 644 relent3
841 582 872 629 et
886 571 969 654 quod

120 656 272 718 difficilius
293 650 376 716 dictu
397 668 465 731 est,
488 654 600 716 mortui
630 653 753 714 viruatt
787 665 889 715 tantus
917 678 969 719 eos

120 739 242 815 bonos,
265 739 429 816 memoria,
450 739 633 804 desiderium
655 737 858 820 ‘prosequitur
891 741 967 800 ami·
1058 742 1060 747 ’

120 846 240 884 οοηιιῃ.’
271 824 317 884 Ex
347 846 410 905 quo
441 824 561 884 illorum
594 822 684 882 beata
717 843 796 885 mors
830 821 968 899 ridetur,

121 908 229 967 borum
251 909 310 968 vita
332 906 504 968 laudabilis.
527 906 617 984 Quod
640 906 664 964 si
686 907 831 967 exemeris
854 930 893 967 ex
917 931 969 968 ua·
1007 918 1015 937 ‘

114 1003 189 1051 ‘tura
206 995 310 1052 'rerum
332 992 558 1052 benevolentiae
573 990 777 1066 lunationem,
793 1014 847 1053 nec
862 991 969 1053 domus

119 1074 209 1151 ulla,
234 1098 289 1136 uec
310 1076 382 1137 urbs
417 1089 495 1143 stare
517 1077 650 1159 poterit,
683 1097 722 1135 ne
754 1076 816 1158 agri
846 1076 968 1158 quidem

117 1159 219 1219 cultus
231 1160 429 1242 permanebit.
442 1161 478 1221 ld
490 1161 513 1219 si
529 1161 628 1229 minus
643 1157 840 1241 intelligitur,
855 1175 970 1244 quanta

27 1268 40 1288 ν
118 1244 163 1303 ris
182 1244 356 1320 amicitiae,
379 1245 618 1328 concordiaeque
639 1245 758 1320 sit‚‘ex
778 1243 968 1306 dissensioni·

118 1326 200 1403 bus,
231 1342 324 1410 atque
354 1327 511 1390 discordiis
542 1328 655 1413 percipi
688 1340 798 1412 potest.
830 1351 850 1388 u
882 1332 969 1406 Quae
1067 1400 1073 1413 ¹

119 1413 204 1472 enim
225 1412 332 1474 domus
355 1425 414 1473 tam
437 1415 570 1490 stabilis,
584 1435 663 1496 quae
677 1425 737 1472 tam
760 1412 843 1473 firma
864 1414 969 1474 ciuitas

118 1509 189 1571 cst,
213 1519 291 1579 quae
318 1519 379 1558 non
414 1497 519 1578 odiis,
548 1511 641 1581 atque
673 1496 800 1557 dissidiis
835 1497 969 1560 funditas

119 1582 213 1663 possit
233 1583 350 1645 everti?
372 1582 420 1644 Ex
441 1605 503 1664 quo
525 1597 673 1667 quamum
691 1581 768 1642 boni
790 1582 828 1643 sit
849 1584 879 1642 in
896 1584 969 1644 omi·

119 1665 211 1741 citis,
233 1667 359 1729 iudicari
392 1688 406 1743 j
424 1680 489 1729 test.
511 1668 530 1729 b
556 1667 786 1749 Agrigentinum
819 1667 968 1752 quidem,

68 1757 73 1763 “
116 1749 242 1811 doctum
279 1690 441 1836 quemdiaom
475 1753 592 1830 riuum,
626 1752 809 1815 carminibus
845 1753 969 1813 Graecis

120 1836 316 1898 vaticinatum
338 1835 461 1914 lerunt,
485 1860 562 1920 quae
585 1837 616 1896 in
639 1859 739 1898 rerum
769 1850 896 1914 natura,
921 1851 967 1897 to·

120 1932 214 2001 toque
236 1922 347 1983 mundo
369 1936 562 1999 constarent,
584 1943 727 2003 utraeque
750 1936 944 1983 morerentur
956 1969 968 1998 ,

119 2025 156 2062 ea
179 2007 353 2067 contrahere
380 2001 567 2081 amicitiam,
601 2005 743 2090 dissipare
777 2005 968 2067 discordiam.

121 2088 228 2168 Atque
251 2089 306 2149 lroc
328 2091 448 2173 quidem
470 2112 573 2151 omnes
590 2091 729 2151 mortales
744 2104 776 2155 et
797 2090 971 2173 intelligunt

120 2172 152 2230 et
174 2173 344 2254 reprobant.
370 2177 477 2258 ltaque
500 2177 524 2234 si
546 2174 668 2257 quando
690 2175 814 2256 aliquod
839 2177 969 2239 officium

73 2308 84 2328 ,
119 2246 235 2317 eistitit
263 2260 351 2320 amici
384 2261 416 2319 iu
452 2260 594 2342 periculis
626 2272 679 2320 aut
711 2260 879 2337 adeundis,
916 2274 970 2324 aut

122 2343 398 2420 communicandis,
421 2345 489 2427 quis
509 2357 574 2419 est,
598 2344 650 2424 qui
673 2342 703 2404 id
738 2368 806 2406 uon.
833 2347 970 2407 maximis

122 2422 228 2485 efferat
259 2429 428 2491 laudibus?
457 2430 518 2508 Qui
553 2431 699 2490 clamores
730 2453 747 2490 c
785 2443 847 2490 tota
881 2434 970 2492 cavea
1000 2502 1004 2507 ,

122 2505 227 2593 nuper
240 2511 272 2572 in
294 2514 418 2597 hospitis
434 2556 445 2591 -,
467 2528 499 2575 et
513 2513 603 2575 amici
624 2515 684 2575 mei
699 2514 740 2575 Μ.
754 2514 877 2575 Pacarii
893 2536 971 2576 nora

66 2670 73 2678 ι
123 2592 247 2657 sabula:
270 2618 366 2680 quum
387 2598 540 2682 ignorante
562 2621 653 2680 rege,
676 2612 746 2660 uter
766 2616 870 2659 eorum
892 2612 970 2662 esset

80 2704 83 2713 ⁴
122 2677 267 2762 Orestes,
291 2683 419 2765 Pylades
440 2684 577 2746 Orestem
615 2706 646 2744 se
681 2706 745 2755 esse
778 2682 912 2762 diceret,
934 2698 970 2746 ut

123 2848 139 2880 a
157 2828 256 2882 Omnia
274 2832 331 2884 siue
348 2834 465 2887 amicitia
482 2843 624 2891 corruunt.

124 2898 138 2947 s
156 2898 376 2967 Empemcdocler
393 2904 580 2973 Agrigentinus
592 2910 668 2970 putta
680 2903 784 2971 dicebat
802 2916 892 2953 omnes
905 2917 946 2952 rer
957 2942 969 2972 0

157 2975 183 3016 et
201 2969 331 3020 muudum
350 2978 433 3022 toturn
453 2979 575 3024 constare
590 2989 622 3021 ex
640 2970 765 3021 anucitia.

126 3050 139 3083 c
157 3033 261 3104 Carea-²
279 3036 317 3099 Μ,
337 3037 448 3098 Pacarii
467 3038 600 3110 tragoedia
618 3037 651 3091 de
669 3037 783 3104 Oreste,
803 3045 830 3089 et
846 3033 952 3104 Pylade.
1006 3046 1008 3049 ·
