2359 3567
243 159 331 225 ‘268
397 212 400 222 .
474 180 505 220 u.
527 178 556 220 r.
577 179 605 220 c.
627 178 700 220 caro
722 179 816 221 ustor
884 210 895 222 e

227 246 349 330 quidem
373 243 433 328 ism
455 234 565 304 mortui
587 255 667 305 sunt.
689 241 756 304 Non
790 264 861 304 vero
898 246 959 307 tam
996 247 1070 324 isti,

220 351 316 412 ,quam
340 327 477 412 tuipse,
500 339 648 409 nugator:
670 330 869 410 nequeenim
892 344 933 390 ex
954 343 983 390 te
1008 353 1070 392 un-

225 437 317 497 quam
339 434 369 473 es
390 412 588 490 nobilitatus,
611 409 662 472 sed
684 432 723 473 ex
748 412 917 491 lateribus,
954 426 987 477 et
1020 415 1071 482 la-‚

224 502 315 560 certis
337 498 404 560 tuis.
427 497 510 558 Nihil
530 498 640 560 Sextus
662 495 765 557 Aelius
787 499 868 574 tale,
892 497 969 560 nihil
990 502 1069 562 mul·

222 584 261 644 tis
281 586 370 644 annis
390 580 460 644 ante
481 580 520 642 T.
542 580 782 658 Coruncanius,
811 581 889 644 nihil
919 583 1008 644 modo
1030 584 1068 646 P.

223 667 356 729 Crassus:
378 689 396 726 a
418 666 527 749 quibus
549 665 617 726 iura
639 665 752 726 civibus
774 667 1066 753 praescribebantur:

222 774 350 837 quorum
372 762 467 834 usque
489 750 528 812 ad
549 762 716 829 extremum
738 751 878 834 spiritum
913 765 959 812 est
992 774 1088 836 pro·-

221 850 306 898 recta
327 835 500 918 prudentia.
522 856 543 896 a
564 835 703 910 Orator,
726 844 853 910 metuo,
876 857 914 895 ne
937 836 1064 919 laugue-

221 933 284 985 scat
304 932 467 980 senectute:
489 929 534 980 est
555 920 637 979 enim
652 938 760 979 munus
781 920 847 980 eius
864 926 929 981 nou
950 922 1066 1004 ingenii

219 1005 342 1080 solum,
364 1005 416 1065 sed
438 1005 566 1065 laterum
587 1003 701 1078 etiam,
735 1016 766 1064 et
787 1003 908 1064 virium.
930 1005 1066 1066 Omnino

218 1110 365 1150 canorum
383 1088 461 1150 illud
485 1089 516 1147 iu
538 1110 612 1149 voce
632 1086 814 1172 splendescit
835 1088 941 1165 etiam,
963 1091 1066 1151 nescio

219 1194 280 1254 quo
301 1186 390 1258 pacto
411 1174 442 1233 iu
466 1185 637 1234 senectute:
654 1254 656 1257 Υ
672 1173 754 1255 quod
790 1172 932 1256 equidem
962 1175 1065 1238 adhue

218 1276 280 1319 non
301 1257 398 1336 amisi3
423 1271 454 1319 et
474 1256 581 1320 ridetis
602 1277 705 1317 annos.
728 1255 787 1317 Sed
813 1266 913 1318 umen
930 1257 1066 1321 decorus

218 1348 263 1421 est
285 1363 383 1404 sermo
405 1343 498 1423 senis,
520 1341 659 1424 quietus,
681 1352 712 1400 et
733 1341 897 1419 remissus3
927 1343 1064 1426 facitque
1089 1340 1101 1353 ²

217 1430 360 1511 persaepe
381 1429 445 1510 ipsa
465 1425 523 1487 silai
544 1425 729 1486 audientiam
745 1425 848 1486 diserti
861 1429 939 1488 senis
951 1442 1063 1508 comta,

217 1524 248 1571 et
268 1513 348 1572 mitis
370 1512 476 1573 oratio.
499 1509 589 1593 Quod
605 1513 636 1587 si
658 1509 722 1592 ipse
752 1512 876 1593 exsequi
905 1534 1062 1595 nequeas,

216 1598 309 1677 possis
346 1588 446 1656 tamen
484 1594 620 1677 Scipioni
643 1593 840 1678 praecipere}
876 1604 924 1674 ‘et
942 1598 1061 1661 Laelio.

215 1679 298 1761 Quid
321 1680 402 1741 euim
423 1691 469 1742 est
490 1678 650 1740 iucundius
664 1688 815 1741 senectute
830 1681 938 1763 stipate
954 1683 1062 1744 studiis

217 1763 407 1825 iuventutis?
430 1764 480 1825 Aa
501 1785 541 1823 ne
560 1785 613 1825 eas
647 1762 779 1848 quidem.
805 1766 879 1826 sires
913 1770 1062 1830 senectuti

146 1867 149 1876 ·
214 1838 421 1932 relinquemus
436 1895 446 1924 ,
459 1862 490 1909 et
504 1844 752 1910 'adolescentulos
773 1849 893 1927 doceat,
916 1852 1059 1915 instituat

153 1963 158 1969 ·
215 1930 254 1991 ad
276 1954 373 1994 omne
393 1931 482 1994 officii
512 1952 621 1995 munus
651 1934 813 1995 instruat?
843 1936 913 2014 Quo
935 1937 1060 2019 quidem

214 2010 410 2101 opeleiquid·
425 2029 523 2100 potest
543 2040 605 2079 esse
635 2016 845 2100 praeclarius?
882 2019 956 2082 Mihi
990 2028 1059 2082 r'cro

130 2164 133 2171 ,
215 2099 272 2179 Cn.
296 2115 327 2164 et
347 2104 383 2165 P.
406 2101 579 2188 Scipiones,
602 2116 633 2163 et
655 2103 704 2163 ati
737 2116 789 2164 tuo
811 2103 895 2179 duo,
931 2105 968 2166 L.
995 2106 1057 2168 Ae·

213 2185 337 2264 milius',
359 2200 389 2247 et
409 2187 445 2248 P.
468 2188 629 2251 Africanus
650 2189 795 2250 comitatu
825 2188 989 2250 nobilium·
1007 2191 1057 2252 iuss

213 2290 322 2333 renum
345 2271 489 2333 fortunati
513 2273 795 2336 videbantur:·nec
817 2274 873 2335 ulli
906 2274 1058 2337 bonarum

160 2428 169 2436 „
213 2354 323 2429 artium
358 2352 492 2441 magistri
526 2380 588 2418 non
624 2359 703 2419 beati
732 2358 881 2441 putaudI,
917 2364 1056 2443 quamvis

210 2443 425 2502 consenuerint
448 2444 549 2522 viret,
571 2456 662 2526 atque
683 2442 864 2505 defecerint.
900 2444 963 2505 Etsi
1000 2446 1056 2507 ista
1135 2504 1138 2507 .

211 2524 274 2606 ipsa
297 2523 425 2587 delectio
446 2527 555 2588 virium
576 2528 796 2611 adolescentiae
819 2529 897 2605 vitiis
924 2528 1055 2592 efficitur

211 2610 354 2691 saepius,
377 2633 468 2693 quam
490 2615 667 2674 senectutis:
693 2612 852 2693 libidinosa
874 2613 1002 2690 etenim,
1024 2626 1055 2677 et

201 2691 414 2776 ‘intemperans
435 2693 641 2758 adolescentia*
661 2698 804 2761 effoetum
825 2720 936 2782 corpus
954 2699 1052 2760 ‘tradit

208 2779 410 2840 senectutid
440 2779 677 2865 Cyrus‘quidem
704 2784 785 2868 apud
815 2783 1051 2865 Xenophontem

118 2888 120 2892 ’
208 2885 244 2922 eo
265 2883 424 2943 sermone,
443 2888 534 2948 quem
563 2871 694 2931 moriens
726 2868 852 2948 habuit,
879 2890 975 2954 quum
997 2869 1048 2930 ad·

208 2999 226 3032 a
242 2983 414 3048 Senectutem
431 2997 486 3035 non
522 2982 608 3037 ffioere
626 2987 736 3038 oratori.

209 3047 225 3096 b
241 3049 308 3115 Cyri
325 3049 418 3109 senilis
433 2999 589 3107 factisuis·
