2359 3567
208 118 212 125 “
247 110 307 186 sit
488 133 521 175 rr.
543 134 570 173 r.
593 132 754 177 eternonrs.

204 216 288 270 mos,
301 193 423 255 iacimus
444 217 545 257 caussa
561 198 745 265 amicorum!
759 196 910 262 Praeciari
933 202 1052 289 aliquid

205 278 245 338 ab
266 277 388 359 indigno
410 279 601 362 supplicaret
625 295 689 343 turn
710 282 847 343 acerbius
865 285 896 344 iu
917 286 1051 370 aliquem

203 361 333 437 invehi,
355 362 553 448 insectarique
571 365 795 427 vehementius:
809 388 887 449 quae
909 368 940 428 iu
963 370 1052 433 rebus

160 496 186 507 ,.
206 445 314 509 nostris
348 466 408 507 non
442 449 511 513 setis
543 451 690 526 honeste,
720 450 751 509 ia
780 450 949 512 amicorum
975 453 1052 515 fiunt

205 529 420 592 honestissime.
442 530 615 616 Multaeque
637 556 685 594 res
706 546 797 610 sunt,
821 534 852 594 in
875 537 985 618 quibus
1012 537 1052 598 de

206 615 265 675 suis
290 614 454 679 commodis
477 617 532 678 riri
562 618 635 678 boui
664 618 758 679 muita
785 617 972 697 detrahunt,
994 621 1049 680 de·

207 698 346 781 trahique
368 700 550 782 patiamur,
572 714 607 762 ut
634 701 669 763 iis
695 701 783 762 amici
813 704 936 785 potius,
959 727 1051 786 qnam

206 782 264 865 ipsi
288 784 437 845 fruantur.
460 786 565 851 attera
587 786 732 849 sententia
763 799 808 847 est
841 807 919 869 quae
941 787 1051 849 definit

205 866 370 931 amicitiam
391 869 514 951 paribus
540 871 641 931 officiis
672 893 708 931 ac
741 870 954 937 voluntatibus.
985 872 1052 932 Hoe

204 949 328 1033 quidem
349 964 395 1012 est
415 954 502 1015 nimis
522 955 651 1036 exigue,
672 967 703 1033 et
722 956 840 1016 exiliter
861 954 899 1013 ad
921 955 1053 1016 calculos

206 1054 313 1096 vocare
335 1036 520 1116 amicitiam,
542 1052 575 1100 ut
597 1039 709 1122 parsit
737 1040 813 1125 ratio
834 1051 1050 1120 acceptorum
1075 1044 1077 1047 ’
1124 1110 1127 1114 Α

116 1161 118 1164 >
204 1131 239 1179 et
258 1117 406 1183 datorum.
429 1123 528 1185 Ditior
550 1124 649 1200 mitt,
672 1137 702 1193 et
733 1122 906 1185 affluentior
935 1122 1053 1183 ridetur

202 1222 268 1262 esse
292 1226 360 1266 vera
383 1207 533 1283 amicitia3
556 1204 612 1269 neo
633 1208 791 1267 observare
814 1207 975 1282 restricte,
1013 1229 1052 1267 ne

109 1319 115 1330 ·
206 1285 275 1369 pias
299 1289 426 1368 reddat,
450 1314 540 1373 quam
562 1293 719 1373 acceperit.
752 1290 856 1372 Neque
890 1291 972 1351 enim
1005 1313 1053 1350 re

122 1387 128 1393 “
208 1372 420 1452 rentum-est,
444 1398 482 1437 ne
504 1376 578 1458 quid
608 1375 751 1450 excidat,
779 1387 832 1434 aut
858 1396 895 1433 ne
918 1373 992 1455 quid
1021 1376 1052 1434 ia

205 1466 319 1519 terram
340 1458 467 1538 «tettan,
483 1475 535 1521 aut
557 1478 597 1520 ne
618 1460 685 1542 pius
706 1481 805 1540 aequo
825 1457 899 1540 quid
921 1458 953 1517 in
974 1459 1051 1518 ami·

202 1539 306 1602 eitiam
328 1558 515 1625 congeratur.
537 1544 658 1606 Tertius
681 1564 749 1603 vero
773 1542 826 1602 itte
853 1541 919 1601 finis
947 1541 1052 1604 deter-

204 1623 320 1701 rimus,
341 1639 396 1702 ιιι,
419 1629 523 1713 quanti
545 1631 674 1711 quisque
696 1650 726 1687 se
748 1626 810 1707 ipse
843 1623 953 1701 saciat,
978 1625 1053 1685 tanti

206 1705 259 1768 fiat
279 1710 318 1769 ab
339 1711 450 1774 amicis.
481 1713 578 1796 Saepe
608 1713 689 1774 anim
725 1712 755 1771 in
775 1708 970 1792 quibusdam
999 1722 1053 1770 aut

207 1792 324 1860 animus
350 1794 502 1859 abiectior
536 1810 603 1875 est,
641 1809 693 1857 aut
727 1817 792 1878 spes
823 1792 1053 1875 amplificandae

203 1873 346 1938 fortunae
370 1879 500 1942 fractior.
529 1882 595 1943 Non
631 1893 676 1940 est
703 1879 794 1961 igitur
817 1878 931 1952 amici,
961 1877 1053 1937 talem

204 1980 269 2019 esse
291 1963 437 2040 ineam,
459 1965 556 2046 qualis
578 1965 630 2025 ille
658 1966 688 2024 in
716 1986 746 2023 se
773 1975 837 2023 est:
871 1962 924 2021 sed
954 1961 1053 2043 potius

204 2046 306 2122 eniti,
329 2061 360 2107 et
380 2047 518 2124 efficere3
555 2063 589 2110 ut
620 2048 707 2110 amici
737 2050 883 2107 iacentem
917 2046 1052 2107 animum

205 2130 338 2207 excitet,
360 2131 544 2216 inducatque
617 2156 672 2210 ιιι,
695 2131 966 2212 cogitationemque
987 2152 1051 2188 me·

203 2210 325 2274 iiorem.
342 2215 435 2275 Alius
456 2216 546 2297 igitur
565 2156 635 2277 iiiia
658 2238 741 2276 verae
763 2215 909 2274 amicitiae
937 2212 1055 2275 connis

207 2297 337 2357 tuendas
352 2312 423 2373 sest,
446 2301 469 2358 si
491 2300 599 2382 prius,
622 2300 693 2381 quid
725 2299 854 2359 maxime
873 2298 1052 2379 'reprehen-

190 2377 280 2440 ,dere
301 2381 401 2464 Scipio
423 2383 527 2444 solitus
549 2386 607 2458 sit,
636 2383 769 2444 edixero.
795 2381 928 2464 Negabat
956 2381 1052 2440 uliam

186 2486 311 2527 .·rocem
339 2466 532 2528 inimiciorem
562 2468 707 2529 amicitiae
739 2466 867 2548 potuisse
900 2465 1051 2547 reperiri,

112 2556 115 2563 ⁴
207 2571 299 2629 quam
321 2551 403 2625 eins,
426 2552 479 2632 qui
500 2552 643 2628 dixisset,
665 2552 705 2612 ita
728 2572 827 2611 amare
847 2562 1054 2631 oportere‚ut

202 2632 233 2691 »si
255 2635 418 2717 aliquando
439 2648 514 2696 esset
535 2654 648 2698 osurus.
678 2635 738 2696 Nec
773 2657 841 2694 rero
875 2656 906 2693 se
940 2633 1052 2694 adduci

94 2792 104 2799 1
202 2737 311 2798 posse,
326 2732 359 2778 ut
373 2721 446 2790 hoc,
464 2719 713 2802 quemadmodum
726 2732 929 2801 putamina
946 2718 1052 2777 Biante

202 2797 321 2862 'dictum
343 2823 405 2864 esso
426 2807 582 2878 erederet,
607 2804 658 2885 qui
680 2807 795 2884 sapiens
825 2802 943 2863 habitus
977 2812 1052 2860 esset

207 2907 287 2945 uaros
308 2909 324 2946 e
348 2898 483 2968 septem
507 2888 558 2952 sed
581 2889 689 2970 impuri
711 2886 885 2962 cniusdam,
908 2897 939 2946 et
960 2883 1052 2945 ambi·

212 2969 300 3049 tiosi,
321 2982 373 3038 aut
394 2972 494 3037 omnia
515 2972 555 3035 ad
576 2994 659 3036 suam
680 2972 845 3057 potentiam
868 2968 1050 3047 revocantis,
