2359 3567
259 231 328 302 apt
469 239 500 280 u.
524 240 551 283 r.
575 238 603 281 o.
625 234 698 280 ostro
721 239 817 283 uuor

162 376 166 385 Ι
226 312 314 363 scens
334 302 463 369 Tarenti
485 327 553 375 cum
574 302 779 383 Qshloximo:
801 302 921 367 Nullam
954 304 1070 389 copita-

137 428 141 433 -
226 383 338 448 liorem
359 399 497 468 pestem,
520 408 609 471 quam
638 388 774 469 corporis
806 390 991 471 voluptatem
1019 394 1074 452 ho-

225 469 359 539 minibus
380 470 501 537 dicebat
522 496 540 533 e
564 486 672 534 natura
685 472 799 549 dotam3
815 475 901 534 cuius
909 472 1073 556 voluptatis

225 554 332 615 aridae
346 555 485 618 libidines
504 571 627 631 temere,
637 567 668 616 et
680 557 829 618 effrenate
840 558 877 617 ad
890 558 1085 640 potiundam¹

225 635 523 721 incitarenturrllinc
533 639 852 726 patriaeproditiones,
869 641 939 701 hinc
954 663 1073 703 rerum·

200 766 202 771 -
226 723 300 866 pub.
310 726 489 804 eversiones,
503 730 573 789 hinc
589 748 657 787 cum
664 725 798 785 hostibus
810 726 1001 787 ‘clandestina
1013 729 1074 788 col-

239 808 428 888 oquianasei:
447 810 564 874 nullum
578 809 826 892 deniquesceluS,
836 810 952 871 nullum
962 811 1075 871 malum

196 904 200 913 ’
226 888 344 952 lacinus
365 888 445 961 e'sse,
466 896 504 956 ad
528 894 610 978 quod
632 894 859 978 suscipiendum
881 915 940 954 non
975 894 1074 954 libido

228 974 388 1058 voluptatis
410 978 599 1059 impelleret,
622 992 727 1061 stupra
750 998 833 1055 vero,
855 991 886 1037 et
906 978 1073 1054 adulteria,

227 1070 257 1117 et
279 1081 369 1121 omne
391 1062 451 1123 tale
472 1060 617 1143 flagitium
642 1063 733 1125 nullis
754 1064 823 1124 aliis
844 1062 996 1123 illecebris
1012 1084 1069 1122 ex-

160 1142 184 1181 '1
227 1142 335 1221 citari,
361 1146 416 1206 nisi
455 1149 626 1230 voluptatis.
658 1149 823 1230 Quumque
860 1147 975 1207 homiui
1011 1146 1075 1206 sire

226 1239 351 1304 nature„
373 1230 433 1294 sire
455 1234 523 1314 quis
545 1235 628 1294 Deus
649 1231 726 1292 nihil
742 1244 848 1299 mente,
864 1229 1078 1313 praestabilius

226 1310 379 1391 dedisset,
400 1337 420 1375 a
442 1315 512 1377 hnic
534 1316 640 1378 divino
662 1314 803 1391 muneri,
827 1338 861 1375 ac
883 1313 963 1375 dono
994 1314 1075 1374 nibil

227 1407 289 1456 tam
310 1420 371 1459 esse
392 1399 569 1478 inimicum,
592 1422 683 1483 quam
699 1398 896 1482 voluptatem.
911 1396 974 1460 Nec
994 1398 1076 1458 enim
1117 1451 1122 1464 ,

226 1480 356 1543 libidine
389 1474 566 1548 dominante
601 1485 817 1566 temperantiae
851 1484 949 1543 locum
984 1504 1076 1558 esse,

226 1584 327 1648 neque
348 1568 472 1630 omnino
495 1570 526 1630 in
549 1569 712 1651 voluptatis
724 1589 814 1648 regno
829 1567 972 1627 virtutem
988 1587 1075 1650 posse

225 1652 398 1714 consistere.
420 1654 597 1736 Quodque
619 1653 714 1735 magis
734 1650 861 1732 intelligi
883 1663 999 1733 posset,
1017 1651 1075 1711 fin·
1167 1670 1168 1683 ¹

227 1753 299 1813 gere
321 1737 422 1797 animo
445 1738 581 1815 iubebat,
605 1749 685 1799 tauta
698 1736 856 1819 incitatum
871 1735 1003 1817 aliquem
1020 1756 1079 1809 ro·x

226 1815 345 1899 luptote
366 1824 641 1905 corporis-quantu
662 1819 779 1905 percipi
802 1833 902 1902 posset
924 1820 1075 1880 maxima:

227 1901 345 1964 nemini
379 1908 520 1968 censebat
555 1906 620 1969 lore
655 1907 801 1979 dubium,
835 1906 911 1984 quin
947 1902 1073 1976 tandiu,

229 1982 301 2045 dum
344 1989 386 2048 ita
428 1992 570 2071 gauderet
612 1990 690 2053 nihil
724 1989 837 2069 egiture
867 1999 992 2059 mente,
1027 1987 1076 2045 oi·

228 2068 274 2129 bil
290 2073 479 2154 ⁸cogitatione
501 2077 646 2158 consequi
670 2085 777 2157 posset.
806 2071 958 2149 Quocirca
996 2068 1063 2130 nihi

229 2174 293 2213 esse
315 2168 375 2217 tam
398 2158 594 2241 detestabile,
619 2174 741 2240 tamque
763 2153 964 2239 pestiferum,
986 2176 1077 2236 quem

230 2238 425 2322 voluptatem.
447 2245 603 2328 Siquidem
625 2268 660 2306 ea
684 2262 779 2325 quum
802 2240 896 2300 maior
918 2252 1013 2315 esset,
1029 2250 1076 2298 at·

229 2344 290 2468 gre
313 2326 457 2410 longior,
488 2352 578 2391 omne
613 2330 709 2393 animi
739 2329 839 2386 lumen
874 2326 1078 2406 extingueret.

141 2441 157 2460 x
261 2431 313 2471 aec
335 2433 404 2473 cum
426 2411 461 2475 G.
484 2414 594 2475 Pontio
623 2412 784 2484 Samnite,
818 2422 905 2490 patre
939 2407 1031 2471 eius.
1060 2428 1079 2466 s

125 2526 136 2569 ·,
230 2513 298 2574 quo,
315 2494 452 2558 Caudino
474 2493 590 2580 praelio
612 2497 666 2578 Sp.
689 2488 907 2569 Posthumius,
937 2491 977 2552 T.
1014 2491 1077 2551 Ve-

199 2604 201 2609 ’
230 2579 325 2638 tutius
347 2583 485 2659 consules
497 2582 639 2668 'superati
662 2592 745 2656 sunt,
759 2580 891 2637 locutum
908 2575 1079 2649 ¹hrehitam,

229 2657 386 2724 Nearchus
407 2665 592 2727 Tarentinus
616 2667 723 2746 hospes
746 2672 857 2736 noster,
880 2660 932 2742 qui
956 2660 986 2720 io
1000 2662 1077 2739 ami·

228 2744 302 2806 oitia
324 2749 430 2829 populi
453 2739 579 2810 Romani
602 2759 830 2833 permanserat,
854 2766 884 2804 se
908 2766 924 2803 s
956 2742 1077 2804 maiori·
1137 2806 1145 2816 „

229 2828 287 2893 bus
311 2845 385 2893 natu
407 2835 557 2916 accepisse
583 2832 727 2894 dicebat:
763 2851 856 2913 quum
889 2827 1015 2917 quidem
1052 2827 1080 2888 ei

152 2971 164 2981 .
235 2920 374 2978 sermoni
395 2918 577 2980 interfuisset
598 2920 615 2978 l
636 2918 723 2980 Plato
745 2912 961 2992 Atheniensis,
990 2933 1079 2995 quem

186 3059 188 3063 ’
236 3054 254 3088 a
275 3033 356 3088 ttenri
375 3039 498 3104 voluptas
515 3039 633 3091 inimica.

236 3117 251 3150 c
266 3100 346 3155 Plato
362 3112 419 3175 quo
437 3112 556 3176 tempore
574 3105 723 3168 Tarentum
740 3101 853 3169 venerit.
