<?xml version="1.0" encoding="UTF-8"?>
<!DOCTYPE html PUBLIC "-//W3C//DTD XHTML 1.0 Transitional//EN"
    "http://www.w3.org/TR/xhtml1/DTD/xhtml1-transitional.dtd">
<html xmlns="http://www.w3.org/1999/xhtml" xml:lang="en" lang="en">
 <head>
  <title>
</title>
<meta http-equiv="Content-Type" content="text/html;charset=utf-8" />
  <meta name='ocr-system' content='tesseract 3.04.00' />
  <meta name='ocr-capabilities' content='ocr_page ocr_carea ocr_par ocr_line ocrx_word'/>
</head>
<body>
  <div class='ocr_page' id='page_1' title='image "./mtulliiciceroni114cicegoog/mtulliiciceroni114cicegoog_0135.png"; bbox 0 0 2359 3567; ppageno 0'>
   <div class='ocr_carea' id='block_1_1' title="bbox 91 103 971 847">
    <p class='ocr_par' dir='ltr' id='par_1_1' title="bbox 121 103 970 678">
     <span class='ocr_line' id='line_1_1' title="bbox 382 103 921 170; baseline -0.004 -19"><span class='ocrx_word' id='word_1_1' title='bbox 382 137 391 141; x_wconf 79' lang='lat'>.-</span> <span class='ocrx_word' id='word_1_2' title='bbox 415 111 473 153; x_wconf 81' lang='lat' dir='ltr'>trs.</span> <span class='ocrx_word' id='word_1_3' title='bbox 495 111 542 151; x_wconf 82' lang='lat' dir='ltr'>ru.</span> <span class='ocrx_word' id='word_1_4' title='bbox 564 109 628 151; x_wconf 74' lang='lat' dir='ltr'>car.</span> <span class='ocrx_word' id='word_1_5' title='bbox 650 110 663 150; x_wconf 90' lang='lat'>1</span> <span class='ocrx_word' id='word_1_6' title='bbox 863 103 921 170; x_wconf 68' lang='lat' dir='ltr'>rtp</span> 
     </span>
     <span class='ocr_line' id='line_1_2' title="bbox 121 170 965 260; baseline -0.011 -17"><span class='ocrx_word' id='word_1_7' title='bbox 121 198 284 260; x_wconf 85' lang='lat' dir='ltr'>curamque</span> <span class='ocrx_word' id='word_1_8' title='bbox 305 178 513 237; x_wconf 81' lang='lat' dir='ltr'><strong>convertimus.</strong></span> <span class='ocrx_word' id='word_1_9' title='bbox 537 175 644 255; x_wconf 84' lang='lat' dir='ltr'>ltaque</span> <span class='ocrx_word' id='word_1_10' title='bbox 666 170 754 256; x_wconf 87' lang='lat' dir='ltr'>plura</span> <span class='ocrx_word' id='word_1_11' title='bbox 781 171 864 233; x_wconf 74' lang='lat' dir='ltr'>brevi</span> <span class='ocrx_word' id='word_1_12' title='bbox 889 180 965 234; x_wconf 86' lang='lat' dir='ltr'>tem-</span> 
     </span>
     <span class='ocr_line' id='line_1_3' title="bbox 121 258 967 347; baseline -0.007 -23"><span class='ocrx_word' id='word_1_13' title='bbox 121 280 190 347; x_wconf 78' lang='lat' dir='ltr'>pore</span> <span class='ocrx_word' id='word_1_14' title='bbox 211 280 324 337; x_wconf 72' lang='lat' dir='ltr'>euersa,</span> <span class='ocrx_word' id='word_1_15' title='bbox 347 280 438 340; x_wconf 91' lang='lat' dir='ltr'>qnam</span> <span class='ocrx_word' id='word_1_16' title='bbox 460 258 562 320; x_wconf 90' lang='lat' dir='ltr'>multis</span> <span class='ocrx_word' id='word_1_17' title='bbox 582 258 679 333; x_wconf 89' lang='lat' dir='ltr'>annis,</span> <span class='ocrx_word' id='word_1_18' title='bbox 692 270 788 319; x_wconf 82' lang='lat' dir='ltr'>stante</span> <span class='ocrx_word' id='word_1_19' title='bbox 810 259 967 341; x_wconf 88' lang='lat' dir='ltr'>republica</span> 
     </span>
     <span class='ocr_line' id='line_1_4' title="bbox 124 341 966 432; baseline -0.01 -23"><span class='ocrx_word' id='word_1_20' title='bbox 124 348 299 432; x_wconf 80' lang='lat' dir='ltr'><strong>scripsimus.</strong></span> <span class='ocrx_word' id='word_1_21' title='bbox 329 344 388 405; x_wconf 86' lang='lat' dir='ltr'>Sed</span> <span class='ocrx_word' id='word_1_22' title='bbox 414 366 484 407; x_wconf 90' lang='lat' dir='ltr'>cum</span> <span class='ocrx_word' id='word_1_23' title='bbox 513 355 573 403; x_wconf 91' lang='lat' dir='ltr'>tota</span> <span class='ocrx_word' id='word_1_24' title='bbox 611 342 825 427; x_wconf 80' lang='lat' dir='ltr'>philosophia,</span> <span class='ocrx_word' id='word_1_25' title='bbox 849 343 889 402; x_wconf 85' lang='lat' dir='ltr'>mi</span> <span class='ocrx_word' id='word_1_26' title='bbox 912 341 966 402; x_wconf 88' lang='lat' dir='ltr'>Ci-</span> 
     </span>
     <span class='ocr_line' id='line_1_5' title="bbox 124 426 969 512; baseline -0.011 -18"><span class='ocrx_word' id='word_1_27' title='bbox 124 455 212 509; x_wconf 89' lang='lat' dir='ltr'>eero,</span> <span class='ocrx_word' id='word_1_28' title='bbox 235 428 397 512; x_wconf 79' lang='lat' dir='ltr'>frugifera,</span> <span class='ocrx_word' id='word_1_29' title='bbox 420 442 451 497; x_wconf 76' lang='lat' dir='ltr'>et</span> <span class='ocrx_word' id='word_1_30' title='bbox 466 428 639 504; x_wconf 82' lang='lat' dir='ltr'>fructuosa,</span> <span class='ocrx_word' id='word_1_31' title='bbox 662 449 719 488; x_wconf 88' lang='lat' dir='ltr'>nec</span> <span class='ocrx_word' id='word_1_32' title='bbox 741 426 802 488; x_wconf 87' lang='lat' dir='ltr'>ulla</span> <span class='ocrx_word' id='word_1_33' title='bbox 818 426 969 509; x_wconf 80' lang='lat' dir='ltr'>perseius</span> 
     </span>
     <span class='ocr_line' id='line_1_6' title="bbox 122 510 970 590; baseline -0.007 -14"><span class='ocrx_word' id='word_1_34' title='bbox 122 517 257 590; x_wconf 83' lang='lat' dir='ltr'>inculta,</span> <span class='ocrx_word' id='word_1_35' title='bbox 279 537 314 574; x_wconf 91' lang='lat' dir='ltr'>ac</span> <span class='ocrx_word' id='word_1_36' title='bbox 335 513 450 574; x_wconf 89' lang='lat' dir='ltr'>deserta</span> <span class='ocrx_word' id='word_1_37' title='bbox 472 511 535 587; x_wconf 69' lang='lat' dir='ltr'>sit,</span> <span class='ocrx_word' id='word_1_38' title='bbox 560 525 624 573; x_wconf 88' lang='lat' dir='ltr'>tum</span> <span class='ocrx_word' id='word_1_39' title='bbox 647 510 750 573; x_wconf 81' lang='lat' dir='ltr'>nullus</span> <span class='ocrx_word' id='word_1_40' title='bbox 787 511 915 573; x_wconf 77' lang='lat' dir='ltr'>feracior</span> <span class='ocrx_word' id='word_1_41' title='bbox 935 511 970 570; x_wconf 89' lang='lat' dir='ltr'>in</span> 
     </span>
     <span class='ocr_line' id='line_1_7' title="bbox 123 594 968 678; baseline -0.008 -18"><span class='ocrx_word' id='word_1_42' title='bbox 123 623 154 660; x_wconf 89' lang='lat' dir='ltr'>ea</span> <span class='ocrx_word' id='word_1_43' title='bbox 176 601 269 676; x_wconf 86' lang='lat' dir='ltr'>locus·</span> <span class='ocrx_word' id='word_1_44' title='bbox 280 610 347 672; x_wconf 80' lang='lat' dir='ltr'>est,</span> <span class='ocrx_word' id='word_1_45' title='bbox 369 620 423 658; x_wconf 90' lang='lat' dir='ltr'>nec</span> <span class='ocrx_word' id='word_1_46' title='bbox 445 595 588 671; x_wconf 77' lang='lat' dir='ltr'>uberior,</span> <span class='ocrx_word' id='word_1_47' title='bbox 611 618 702 678; x_wconf 90' lang='lat' dir='ltr'>quam</span> <span class='ocrx_word' id='word_1_48' title='bbox 734 594 772 656; x_wconf 89' lang='lat' dir='ltr'>de</span> <span class='ocrx_word' id='word_1_49' title='bbox 805 596 926 672; x_wconf 89' lang='lat' dir='ltr'>officiis,</span> <span class='ocrx_word' id='word_1_50' title='bbox 949 616 968 653; x_wconf 88' lang='lat' dir='ltr'>a</span> 
     </span>
    </p>

    <p class='ocr_par' dir='ltr' id='par_1_2' title="bbox 91 679 971 847">
     <span class='ocr_line' id='line_1_8' title="bbox 142 679 971 762; baseline -0.008 -16"><span class='ocrx_word' id='word_1_51' title='bbox 142 685 230 745; x_wconf 90' lang='lat' dir='ltr'>uibus</span> <span class='ocrx_word' id='word_1_52' title='bbox 250 694 440 759; x_wconf 76' lang='lat' dir='ltr'>constanter,</span> <span class='ocrx_word' id='word_1_53' title='bbox 463 682 646 762; x_wconf 74' lang='lat' dir='ltr'>honesteque</span> <span class='ocrx_word' id='word_1_54' title='bbox 668 679 788 741; x_wconf 80' lang='lat' dir='ltr'>vivendi</span> <span class='ocrx_word' id='word_1_55' title='bbox 810 691 971 762; x_wconf 83' lang='lat' dir='ltr'>praecepta</span> 
     </span>
     <span class='ocr_line' id='line_1_9' title="bbox 91 707 969 847; baseline -0.007 -18"><span class='ocrx_word' id='word_1_56' title='bbox 91 825 94 829; x_wconf 80' lang='grc'><strong><em>,</em></strong></span> <span class='ocrx_word' id='word_1_57' title='bbox 123 707 281 830; x_wconf 80' lang='lat' dir='ltr'>ducuntur.</span> <span class='ocrx_word' id='word_1_58' title='bbox 304 767 407 845; x_wconf 82' lang='lat' dir='ltr'>Quare</span> <span class='ocrx_word' id='word_1_59' title='bbox 429 787 612 847; x_wconf 86' lang='lat' dir='ltr'>quamquam</span> <span class='ocrx_word' id='word_1_60' title='bbox 634 787 652 824; x_wconf 93' lang='lat' dir='ltr'>a</span> <span class='ocrx_word' id='word_1_61' title='bbox 674 763 818 847; x_wconf 81' lang='lat' dir='ltr'>Cratippo</span> <span class='ocrx_word' id='word_1_62' title='bbox 839 777 969 838; x_wconf 85' lang='lat' dir='ltr'>nostro,</span> 
     </span>
    </p>
   </div>
   <div class='ocr_carea' id='block_1_2' title="bbox 97 848 1070 936">
    <p class='ocr_par' dir='ltr' id='par_1_3' title="bbox 97 848 1070 936">
     <span class='ocr_line' id='line_1_10' title="bbox 97 848 1070 936; baseline -0.008 -22"><span class='ocrx_word' id='word_1_63' title='bbox 97 851 288 936; x_wconf 53' lang='lat' dir='ltr'>¹principes</span> <span class='ocrx_word' id='word_1_64' title='bbox 311 851 401 912; x_wconf 88' lang='lat' dir='ltr'>huius</span> <span class='ocrx_word' id='word_1_65' title='bbox 422 851 585 910; x_wconf 82' lang='lat' dir='ltr'>memoriae</span> <span class='ocrx_word' id='word_1_66' title='bbox 606 848 868 932; x_wconf 78' lang='lat' dir='ltr'>philosophorum,</span> <span class='ocrx_word' id='word_1_67' title='bbox 890 848 968 908; x_wconf 85' lang='lat' dir='ltr'>haec</span> <span class='ocrx_word' id='word_1_68' title='bbox 1067 908 1070 913; x_wconf 73' lang='grc'>,</span> 
     </span>
    </p>
   </div>
   <div class='ocr_carea' id='block_1_3' title="bbox 110 932 989 1864">
    <p class='ocr_par' dir='ltr' id='par_1_4' title="bbox 110 932 989 1864">
     <span class='ocr_line' id='line_1_11' title="bbox 123 932 989 1016; baseline -0.008 -18"><span class='ocrx_word' id='word_1_69' title='bbox 123 949 149 998; x_wconf 89' lang='lat' dir='ltr'>te</span> <span class='ocrx_word' id='word_1_70' title='bbox 170 936 288 998; x_wconf 84' lang='lat' dir='ltr'>assidue</span> <span class='ocrx_word' id='word_1_71' title='bbox 310 934 416 996; x_wconf 87' lang='lat' dir='ltr'>audire</span> <span class='ocrx_word' id='word_1_72' title='bbox 437 947 528 1016; x_wconf 88' lang='lat' dir='ltr'>atque</span> <span class='ocrx_word' id='word_1_73' title='bbox 549 935 684 1016; x_wconf 88' lang='lat' dir='ltr'>accipere</span> <span class='ocrx_word' id='word_1_74' title='bbox 706 932 848 1008; x_wconf 84' lang='lat' dir='ltr'>conlido3</span> <span class='ocrx_word' id='word_1_75' title='bbox 873 932 890 992; x_wconf 81' lang='lat' dir='ltr'><strong><em>b</em></strong></span> <span class='ocrx_word' id='word_1_76' title='bbox 920 945 989 1001; x_wconf 64' lang='lat' dir='ltr'>ta«,</span> 
     </span>
     <span class='ocr_line' id='line_1_12' title="bbox 110 1011 966 1102; baseline -0.009 -19"><span class='ocrx_word' id='word_1_77' title='bbox 110 1044 187 1083; x_wconf 61' lang='lat' dir='ltr'>nmen</span> <span class='ocrx_word' id='word_1_78' title='bbox 202 1020 378 1102; x_wconf 64' lang='lat' dir='ltr'>⁴conducens!</span> <span class='ocrx_word' id='word_1_79' title='bbox 398 1019 548 1095; x_wconf 85' lang='lat' dir='ltr'>arbitror,</span> <span class='ocrx_word' id='word_1_80' title='bbox 586 1019 696 1078; x_wconf 89' lang='lat' dir='ltr'>talibus</span> <span class='ocrx_word' id='word_1_81' title='bbox 717 1011 803 1080; x_wconf 84' lang='lat' dir='ltr'>aure&#39;s</span> <span class='ocrx_word' id='word_1_82' title='bbox 826 1031 891 1078; x_wconf 86' lang='lat' dir='ltr'>tuas</span> <span class='ocrx_word' id='word_1_83' title='bbox 912 1034 966 1076; x_wconf 79' lang='lat' dir='ltr'>ro·</span> 
     </span>
     <span class='ocr_line' id='line_1_13' title="bbox 121 1101 968 1186; baseline -0.009 -18"><span class='ocrx_word' id='word_1_84' title='bbox 121 1107 203 1168; x_wconf 83' lang='lat' dir='ltr'>cibus</span> <span class='ocrx_word' id='word_1_85' title='bbox 226 1104 359 1186; x_wconf 85' lang='lat' dir='ltr'>undique</span> <span class='ocrx_word' id='word_1_86' title='bbox 397 1103 644 1179; x_wconf 82' lang='lat' dir='ltr'>circumsonare,</span> <span class='ocrx_word' id='word_1_87' title='bbox 674 1124 832 1179; x_wconf 85' lang='lat' dir='ltr'>neceas,</span> <span class='ocrx_word' id='word_1_88' title='bbox 855 1102 879 1160; x_wconf 89' lang='lat' dir='ltr'>si</span> <span class='ocrx_word' id='word_1_89' title='bbox 893 1101 968 1161; x_wconf 82' lang='lat' dir='ltr'>‘lieri</span> 
     </span>
     <span class='ocr_line' id='line_1_14' title="bbox 120 1186 970 1275; baseline 0 -26"><span class='ocrx_word' id='word_1_90' title='bbox 120 1192 211 1275; x_wconf 83' lang='lat' dir='ltr'>possit</span> <span class='ocrx_word' id='word_1_91' title='bbox 220 1226 235 1267; x_wconf 69' lang='lat'>‹,</span> <span class='ocrx_word' id='word_1_92' title='bbox 259 1186 532 1272; x_wconf 73' lang='lat' dir='ltr'>quidquam‘aliud</span> <span class='ocrx_word' id='word_1_93' title='bbox 561 1187 677 1249; x_wconf 64' lang='lat' dir='ltr'>audirtn</span> <span class='ocrx_word' id='word_1_94' title='bbox 694 1186 790 1266; x_wconf 78' lang='lat' dir='ltr'>Quod</span> <span class='ocrx_word' id='word_1_95' title='bbox 812 1206 883 1246; x_wconf 89' lang='lat' dir='ltr'>cum</span> <span class='ocrx_word' id='word_1_96' title='bbox 905 1207 970 1249; x_wconf 85' lang='lat' dir='ltr'>om·</span> 
     </span>
     <span class='ocr_line' id='line_1_15' title="bbox 115 1271 970 1355; baseline -0.009 -19"><span class='ocrx_word' id='word_1_97' title='bbox 115 1274 273 1355; x_wconf 15' lang='lat' dir='ltr'>,nibus’est</span> <span class='ocrx_word' id='word_1_98' title='bbox 307 1273 500 1350; x_wconf 87' lang='lat' dir='ltr'>laciendum,</span> <span class='ocrx_word' id='word_1_99' title='bbox 537 1273 589 1353; x_wconf 88' lang='lat' dir='ltr'>qui</span> <span class='ocrx_word' id='word_1_100' title='bbox 623 1271 713 1332; x_wconf 85' lang='lat' dir='ltr'>sitam</span> <span class='ocrx_word' id='word_1_101' title='bbox 743 1274 899 1334; x_wconf 85' lang='lat' dir='ltr'>honestam</span> <span class='ocrx_word' id='word_1_102' title='bbox 922 1271 970 1329; x_wconf 77' lang='lat' dir='ltr'>in-</span> 
     </span>
     <span class='ocr_line' id='line_1_16' title="bbox 118 1353 970 1441; baseline -0.007 -21"><span class='ocrx_word' id='word_1_103' title='bbox 118 1360 200 1441; x_wconf 78' lang='lat' dir='ltr'>gredi</span> <span class='ocrx_word' id='word_1_104' title='bbox 222 1358 375 1440; x_wconf 82' lang='lat' dir='ltr'>cogitant,</span> <span class='ocrx_word' id='word_1_105' title='bbox 400 1370 463 1419; x_wconf 85' lang='lat' dir='ltr'>turn</span> <span class='ocrx_word' id='word_1_106' title='bbox 486 1355 570 1418; x_wconf 88' lang='lat' dir='ltr'>hand</span> <span class='ocrx_word' id='word_1_107' title='bbox 598 1355 658 1416; x_wconf 90' lang='lat' dir='ltr'>scio</span> <span class='ocrx_word' id='word_1_108' title='bbox 669 1392 685 1432; x_wconf 93' lang='lat'>-,</span> <span class='ocrx_word' id='word_1_109' title='bbox 720 1379 758 1416; x_wconf 88' lang='lat' dir='ltr'>an</span> <span class='ocrx_word' id='word_1_110' title='bbox 780 1353 893 1416; x_wconf 89' lang='lat' dir='ltr'>nemini</span> <span class='ocrx_word' id='word_1_111' title='bbox 916 1376 970 1437; x_wconf 90' lang='lat' dir='ltr'>po·</span> 
     </span>
     <span class='ocr_line' id='line_1_17' title="bbox 114 1439 969 1526; baseline -0.006 -23"><span class='ocrx_word' id='word_1_112' title='bbox 114 1446 203 1520; x_wconf 83' lang='lat' dir='ltr'>tius,</span> <span class='ocrx_word' id='word_1_113' title='bbox 225 1464 315 1526; x_wconf 87' lang='lat' dir='ltr'>quam</span> <span class='ocrx_word' id='word_1_114' title='bbox 339 1442 406 1502; x_wconf 89' lang='lat' dir='ltr'>tibi.</span> <span class='ocrx_word' id='word_1_115' title='bbox 430 1443 562 1502; x_wconf 84' lang='lat' dir='ltr'>Sustines</span> <span class='ocrx_word' id='word_1_116' title='bbox 583 1439 664 1500; x_wconf 89' lang='lat' dir='ltr'>enirn</span> <span class='ocrx_word' id='word_1_117' title='bbox 686 1462 747 1500; x_wconf 90' lang='lat' dir='ltr'>non</span> <span class='ocrx_word' id='word_1_118' title='bbox 772 1461 895 1523; x_wconf 84' lang='lat' dir='ltr'>parram</span> <span class='ocrx_word' id='word_1_119' title='bbox 918 1461 969 1499; x_wconf 80' lang='lat' dir='ltr'>ex-</span> 
     </span>
     <span class='ocr_line' id='line_1_18' title="bbox 115 1525 970 1610; baseline -0.005 -21"><span class='ocrx_word' id='word_1_120' title='bbox 115 1528 319 1610; x_wconf 83' lang='lat' dir='ltr'>pectationem</span> <span class='ocrx_word' id='word_1_121' title='bbox 336 1526 498 1587; x_wconf 85' lang='lat' dir='ltr'>imitandae</span> <span class='ocrx_word' id='word_1_122' title='bbox 512 1525 675 1586; x_wconf 88' lang='lat' dir='ltr'>industriae</span> <span class='ocrx_word' id='word_1_123' title='bbox 687 1539 815 1602; x_wconf 87' lang='lat' dir='ltr'>nostrae,</span> <span class='ocrx_word' id='word_1_124' title='bbox 831 1544 970 1606; x_wconf 82' lang='lat' dir='ltr'>magnam</span> 
     </span>
     <span class='ocr_line' id='line_1_19' title="bbox 119 1609 970 1692; baseline -0.001 -21"><span class='ocrx_word' id='word_1_125' title='bbox 119 1611 293 1686; x_wconf 67' lang='lat' dir='ltr'>honorumf&#39;,</span> <span class='ocrx_word' id='word_1_126' title='bbox 310 1611 486 1671; x_wconf 82' lang='lat' dir='ltr'>nonnullam</span> <span class='ocrx_word' id='word_1_127' title='bbox 504 1609 623 1670; x_wconf 85' lang='lat' dir='ltr'>sortasse</span> <span class='ocrx_word' id='word_1_128' title='bbox 650 1611 786 1671; x_wconf 74' lang='lat' dir='ltr'>nominis</span> <span class='ocrx_word' id='word_1_129' title='bbox 809 1610 970 1692; x_wconf 86' lang='lat' dir='ltr'>Suscepisti</span> 
     </span>
     <span class='ocr_line' id='line_1_20' title="bbox 121 1693 970 1778; baseline -0.002 -23"><span class='ocrx_word' id='word_1_130' title='bbox 121 1718 197 1756; x_wconf 84' lang='lat' dir='ltr'>onus</span> <span class='ocrx_word' id='word_1_131' title='bbox 211 1708 364 1778; x_wconf 83' lang='lat' dir='ltr'>praeterea</span> <span class='ocrx_word' id='word_1_132' title='bbox 373 1717 460 1778; x_wconf 78' lang='lat' dir='ltr'>grase</span> <span class='ocrx_word' id='word_1_133' title='bbox 482 1708 512 1758; x_wconf 85' lang='lat' dir='ltr'>el</span> <span class='ocrx_word' id='word_1_134' title='bbox 526 1696 758 1772; x_wconf 82' lang='lat' dir='ltr'>Athenarum,et</span> <span class='ocrx_word' id='word_1_135' title='bbox 769 1694 914 1776; x_wconf 88' lang='lat' dir='ltr'>Cratippi,</span> <span class='ocrx_word' id='word_1_136' title='bbox 930 1693 970 1753; x_wconf 90' lang='lat' dir='ltr'>ad</span> 
     </span>
     <span class='ocr_line' id='line_1_21' title="bbox 120 1780 971 1864; baseline -0.001 -23"><span class='ocrx_word' id='word_1_137' title='bbox 120 1802 197 1861; x_wconf 88' lang='lat' dir='ltr'>quos</span> <span class='ocrx_word' id='word_1_138' title='bbox 210 1802 308 1862; x_wconf 78' lang='lat' dir='ltr'>quum</span> <span class='ocrx_word' id='word_1_139' title='bbox 330 1793 474 1864; x_wconf 88' lang='lat' dir='ltr'>tanquam</span> <span class='ocrx_word' id='word_1_140' title='bbox 498 1780 535 1840; x_wconf 90' lang='lat' dir='ltr'>ad</span> <span class='ocrx_word' id='word_1_141' title='bbox 555 1792 751 1840; x_wconf 88' lang='lat' dir='ltr'>mercaturam</span> <span class='ocrx_word' id='word_1_142' title='bbox 767 1780 971 1840; x_wconf 87' lang='lat' dir='ltr'>honarumar·</span> 
     </span>
    </p>
   </div>
   <div class='ocr_carea' id='block_1_4' title="bbox 121 1864 1061 1947">
    <p class='ocr_par' dir='ltr' id='par_1_5' title="bbox 121 1864 1061 1947">
     <span class='ocr_line' id='line_1_22' title="bbox 121 1864 1061 1947; baseline 0.001 -24"><span class='ocrx_word' id='word_1_143' title='bbox 121 1866 197 1925; x_wconf 90' lang='lat' dir='ltr'>tium</span> <span class='ocrx_word' id='word_1_144' title='bbox 213 1867 253 1925; x_wconf 89' lang='lat' dir='ltr'>sis</span> <span class='ocrx_word' id='word_1_145' title='bbox 267 1864 429 1947; x_wconf 81' lang='lat' dir='ltr'>proiectus,</span> <span class='ocrx_word' id='word_1_146' title='bbox 445 1864 564 1934; x_wconf 83' lang='lat' dir='ltr'>inanem</span> <span class='ocrx_word' id='word_1_147' title='bbox 581 1864 678 1931; x_wconf 85' lang='lat' dir='ltr'>redire</span> <span class='ocrx_word' id='word_1_148' title='bbox 695 1866 898 1947; x_wconf 86' lang='lat' dir='ltr'>turpissimum</span> <span class='ocrx_word' id='word_1_149' title='bbox 912 1876 969 1941; x_wconf 86' lang='lat' dir='ltr'>est,</span> <span class='ocrx_word' id='word_1_150' title='bbox 1058 1924 1061 1931; x_wconf 67' lang='grc'>,</span> 
     </span>
    </p>
   </div>
   <div class='ocr_carea' id='block_1_5' title="bbox 11 1948 1012 2541">
    <p class='ocr_par' dir='ltr' id='par_1_6' title="bbox 11 1948 1012 2541">
     <span class='ocr_line' id='line_1_23' title="bbox 119 1948 1012 2029; baseline -0.001 -21"><span class='ocrx_word' id='word_1_151' title='bbox 119 1949 348 2010; x_wconf 85' lang='lat' dir='ltr'>dedecorantem</span> <span class='ocrx_word' id='word_1_152' title='bbox 371 1961 402 2008; x_wconf 86' lang='lat' dir='ltr'>et</span> <span class='ocrx_word' id='word_1_153' title='bbox 425 1949 507 2009; x_wconf 84' lang='lat' dir='ltr'>urbis</span> <span class='ocrx_word' id='word_1_154' title='bbox 534 1949 755 2024; x_wconf 74' lang='lat' dir='ltr'>auctoritatem,</span> <span class='ocrx_word' id='word_1_155' title='bbox 771 1963 803 2008; x_wconf 86' lang='lat' dir='ltr'>et</span> <span class='ocrx_word' id='word_1_156' title='bbox 824 1948 969 2029; x_wconf 83' lang='lat' dir='ltr'>magistri.</span> <span class='ocrx_word' id='word_1_157' title='bbox 1010 1951 1012 1953; x_wconf 70' lang='grc'><strong>’</strong></span> 
     </span>
     <span class='ocr_line' id='line_1_24' title="bbox 120 2033 970 2116; baseline 0.005 -25"><span class='ocrx_word' id='word_1_158' title='bbox 120 2033 224 2112; x_wconf 87' lang='lat' dir='ltr'>Quare</span> <span class='ocrx_word' id='word_1_159' title='bbox 247 2044 392 2115; x_wconf 85' lang='lat' dir='ltr'>quantum</span> <span class='ocrx_word' id='word_1_160' title='bbox 422 2034 534 2093; x_wconf 90' lang='lat' dir='ltr'>conniti</span> <span class='ocrx_word' id='word_1_161' title='bbox 568 2035 668 2093; x_wconf 89' lang='lat' dir='ltr'>animo</span> <span class='ocrx_word' id='word_1_162' title='bbox 690 2046 798 2116; x_wconf 92' lang='lat' dir='ltr'>potes,</span> <span class='ocrx_word' id='word_1_163' title='bbox 821 2046 970 2114; x_wconf 88' lang='lat' dir='ltr'>quantum</span> 
     </span>
     <span class='ocr_line' id='line_1_25' title="bbox 119 2115 968 2200; baseline 0.007 -26"><span class='ocrx_word' id='word_1_164' title='bbox 119 2115 227 2178; x_wconf 83' lang='lat' dir='ltr'>labore</span> <span class='ocrx_word' id='word_1_165' title='bbox 247 2116 450 2193; x_wconf 87' lang='lat' dir='ltr'>contendere,</span> <span class='ocrx_word' id='word_1_166' title='bbox 466 2118 490 2175; x_wconf 90' lang='lat' dir='ltr'>si</span> <span class='ocrx_word' id='word_1_167' title='bbox 511 2117 675 2178; x_wconf 84' lang='lat' dir='ltr'>ediscendi</span> <span class='ocrx_word' id='word_1_168' title='bbox 693 2118 775 2177; x_wconf 76' lang='lat' dir='ltr'>labor</span> <span class='ocrx_word' id='word_1_169' title='bbox 791 2129 836 2176; x_wconf 89' lang='lat' dir='ltr'>est</span> <span class='ocrx_word' id='word_1_170' title='bbox 857 2118 968 2200; x_wconf 82' lang='lat' dir='ltr'>potius,</span> 
     </span>
     <span class='ocr_line' id='line_1_26' title="bbox 120 2200 970 2284; baseline 0.004 -24"><span class='ocrx_word' id='word_1_171' title='bbox 120 2222 210 2282; x_wconf 80' lang='lat' dir='ltr'>qnam</span> <span class='ocrx_word' id='word_1_172' title='bbox 242 2202 399 2284; x_wconf 71' lang='lat' dir='ltr'>volupta53</span> <span class='ocrx_word' id='word_1_173' title='bbox 432 2213 547 2261; x_wconf 88' lang='lat' dir='ltr'>tautum</span> <span class='ocrx_word' id='word_1_174' title='bbox 582 2200 650 2275; x_wconf 84' lang='lat' dir='ltr'>lac,</span> <span class='ocrx_word' id='word_1_175' title='bbox 673 2216 707 2262; x_wconf 88' lang='lat' dir='ltr'>ut</span> <span class='ocrx_word' id='word_1_176' title='bbox 728 2202 857 2278; x_wconf 86' lang='lat' dir='ltr'>efficias,</span> <span class='ocrx_word' id='word_1_177' title='bbox 895 2225 970 2263; x_wconf 80' lang='lat' dir='ltr'>nese</span> 
     </span>
     <span class='ocr_line' id='line_1_27' title="bbox 120 2285 969 2370; baseline 0.002 -25"><span class='ocrx_word' id='word_1_178' title='bbox 120 2285 311 2360; x_wconf 87' lang='lat' dir='ltr'>committas,</span> <span class='ocrx_word' id='word_1_179' title='bbox 334 2299 369 2344; x_wconf 93' lang='lat' dir='ltr'>ut</span> <span class='ocrx_word' id='word_1_180' title='bbox 390 2307 483 2367; x_wconf 89' lang='lat' dir='ltr'>quurn</span> <span class='ocrx_word' id='word_1_181' title='bbox 515 2286 617 2347; x_wconf 88' lang='lat' dir='ltr'>omnia</span> <span class='ocrx_word' id='word_1_182' title='bbox 651 2285 839 2370; x_wconf 89' lang='lat' dir='ltr'>suppeditata</span> <span class='ocrx_word' id='word_1_183' title='bbox 871 2288 929 2347; x_wconf 91' lang='lat' dir='ltr'>sint</span> <span class='ocrx_word' id='word_1_184' title='bbox 951 2310 969 2347; x_wconf 90' lang='lat' dir='ltr'>a</span> 
     </span>
     <span class='ocr_line' id='line_1_28' title="bbox 121 2369 971 2448; baseline 0.004 -21"><span class='ocrx_word' id='word_1_185' title='bbox 121 2369 221 2447; x_wconf 89' lang='lat' dir='ltr'>nobis,</span> <span class='ocrx_word' id='word_1_186' title='bbox 246 2381 321 2430; x_wconf 87' lang='lat' dir='ltr'>tute</span> <span class='ocrx_word' id='word_1_187' title='bbox 346 2370 400 2430; x_wconf 89' lang='lat' dir='ltr'>tihi</span> <span class='ocrx_word' id='word_1_188' title='bbox 422 2370 550 2430; x_wconf 82' lang='lat' dir='ltr'>defuisse</span> <span class='ocrx_word' id='word_1_189' title='bbox 578 2370 706 2448; x_wconf 67' lang='lat' dir='ltr'>videare.</span> <span class='ocrx_word' id='word_1_190' title='bbox 728 2370 788 2431; x_wconf 88' lang='lat' dir='ltr'>Sed</span> <span class='ocrx_word' id='word_1_191' title='bbox 822 2373 895 2432; x_wconf 82' lang='lat' dir='ltr'>haec</span> <span class='ocrx_word' id='word_1_192' title='bbox 918 2372 971 2432; x_wconf 91' lang='lat' dir='ltr'>ha-</span> 
     </span>
     <span class='ocr_line' id='line_1_29' title="bbox 11 2452 971 2541; baseline 0.006 -29"><span class='ocrx_word' id='word_1_193' title='bbox 11 2536 13 2541; x_wconf 15' lang='lat'>,</span> <span class='ocrx_word' id='word_1_194' title='bbox 103 2460 237 2535; x_wconf 66' lang='lat' dir='ltr'>*utensis</span> <span class='ocrx_word' id='word_1_195' title='bbox 261 2452 356 2515; x_wconf 88' lang='lat' dir='ltr'>Multa</span> <span class='ocrx_word' id='word_1_196' title='bbox 378 2455 459 2539; x_wconf 87' lang='lat' dir='ltr'>enim</span> <span class='ocrx_word' id='word_1_197' title='bbox 480 2476 568 2539; x_wconf 82' lang='lat' dir='ltr'>saepo</span> <span class='ocrx_word' id='word_1_198' title='bbox 589 2455 629 2516; x_wconf 86' lang='lat' dir='ltr'>ad</span> <span class='ocrx_word' id='word_1_199' title='bbox 652 2469 679 2517; x_wconf 91' lang='lat' dir='ltr'>te</span> <span class='ocrx_word' id='word_1_200' title='bbox 701 2455 878 2518; x_wconf 85' lang='lat' dir='ltr'>cohortandi</span> <span class='ocrx_word' id='word_1_201' title='bbox 906 2476 971 2537; x_wconf 82' lang='lat' dir='ltr'>gra·</span> 
     </span>
    </p>
   </div>
   <div class='ocr_carea' id='block_1_6' title="bbox 120 2703 971 3050">
    <p class='ocr_par' dir='ltr' id='par_1_7' title="bbox 120 2703 526 2771">
     <span class='ocr_line' id='line_1_30' title="bbox 120 2703 526 2771; baseline 0.015 -17"><span class='ocrx_word' id='word_1_202' title='bbox 120 2721 138 2754; x_wconf 78' lang='grc' dir='ltr'><strong><em>ι</em></strong></span> <span class='ocrx_word' id='word_1_203' title='bbox 156 2703 321 2771; x_wconf 86' lang='lat' dir='ltr'>Memoriae,</span> <span class='ocrx_word' id='word_1_204' title='bbox 339 2705 410 2759; x_wconf 83' lang='lat' dir='ltr'>idest</span> <span class='ocrx_word' id='word_1_205' title='bbox 427 2709 526 2759; x_wconf 82' lang='lat' dir='ltr'>aetatis</span> 
     </span>
    </p>

    <p class='ocr_par' dir='ltr' id='par_1_8' title="bbox 121 2770 971 2973">
     <span class='ocr_line' id='line_1_31' title="bbox 121 2770 970 2843; baseline 0.006 -22"><span class='ocrx_word' id='word_1_206' title='bbox 121 2771 137 2820; x_wconf 84' lang='lat' dir='ltr'><em>b</em></span> <span class='ocrx_word' id='word_1_207' title='bbox 155 2771 229 2834; x_wconf 46' lang='lat' dir='ltr'>Loci,</span> <span class='ocrx_word' id='word_1_208' title='bbox 243 2773 423 2839; x_wconf 70' lang='lat' dir='ltr'>cohortandi,</span> <span class='ocrx_word' id='word_1_209' title='bbox 442 2774 560 2841; x_wconf 88' lang='lat' dir='ltr'>primum</span> <span class='ocrx_word' id='word_1_210' title='bbox 577 2795 593 2827; x_wconf 93' lang='lat' dir='ltr'>a</span> <span class='ocrx_word' id='word_1_211' title='bbox 604 2794 655 2843; x_wconf 43' lang='lat' dir='ltr'>fre,</span> <span class='ocrx_word' id='word_1_212' title='bbox 670 2770 768 2830; x_wconf 84' lang='lat' dir='ltr'>deinde</span> <span class='ocrx_word' id='word_1_213' title='bbox 793 2779 827 2830; x_wconf 84' lang='lat' dir='ltr'>ab</span> <span class='ocrx_word' id='word_1_214' title='bbox 845 2780 970 2842; x_wconf 77' lang='lat' dir='ltr'>expecta·</span> 
     </span>
     <span class='ocr_line' id='line_1_32' title="bbox 154 2839 971 2915; baseline 0.006 -26"><span class='ocrx_word' id='word_1_215' title='bbox 154 2839 229 2902; x_wconf 85' lang='lat' dir='ltr'>tione</span> <span class='ocrx_word' id='word_1_216' title='bbox 245 2879 252 2904; x_wconf 92' lang='lat'>,</span> <span class='ocrx_word' id='word_1_217' title='bbox 272 2846 351 2908; x_wconf 77' lang='lat' dir='ltr'>quarn</span> <span class='ocrx_word' id='word_1_218' title='bbox 369 2860 384 2892; x_wconf 89' lang='lat' dir='ltr'>a</span> <span class='ocrx_word' id='word_1_219' title='bbox 403 2859 467 2909; x_wconf 88' lang='lat' dir='ltr'>sua,</span> <span class='ocrx_word' id='word_1_220' title='bbox 480 2843 657 2912; x_wconf 81' lang='lat' dir='ltr'>Cratippique</span> <span class='ocrx_word' id='word_1_221' title='bbox 669 2839 874 2915; x_wconf 82' lang='lat' dir='ltr'>persona,&#39;tuur</span> <span class='ocrx_word' id='word_1_222' title='bbox 890 2842 971 2894; x_wconf 78' lang='lat' dir='ltr'>etiarn</span> 
     </span>
     <span class='ocr_line' id='line_1_33' title="bbox 157 2907 381 2973; baseline 0.009 -17"><span class='ocrx_word' id='word_1_223' title='bbox 157 2924 172 2957; x_wconf 80' lang='lat' dir='ltr'>a</span> <span class='ocrx_word' id='word_1_224' title='bbox 191 2907 253 2957; x_wconf 79' lang='lat' dir='ltr'>loco</span> <span class='ocrx_word' id='word_1_225' title='bbox 271 2908 381 2973; x_wconf 77' lang='lat' dir='ltr'>colligit.</span> 
     </span>
    </p>

    <p class='ocr_par' dir='ltr' id='par_1_9' title="bbox 123 2971 659 3050">
     <span class='ocr_line' id='line_1_34' title="bbox 123 2971 659 3050; baseline 0.022 -27"><span class='ocrx_word' id='word_1_226' title='bbox 123 2987 140 3023; x_wconf 87' lang='lat' dir='ltr'>c</span> <span class='ocrx_word' id='word_1_227' title='bbox 155 2971 232 3029; x_wconf 82' lang='lat' dir='ltr'>Nove</span> <span class='ocrx_word' id='word_1_228' title='bbox 251 2974 322 3029; x_wconf 81' lang='lat' dir='ltr'>dixit</span> <span class='ocrx_word' id='word_1_229' title='bbox 337 2973 463 3044; x_wconf 73' lang='lat' dir='ltr'>discendi</span> <span class='ocrx_word' id='word_1_230' title='bbox 478 2996 528 3050; x_wconf 85' lang='lat' dir='ltr'>pro</span> <span class='ocrx_word' id='word_1_231' title='bbox 544 2975 659 3034; x_wconf 79' lang='lat' dir='ltr'>discere.</span> 
     </span>
    </p>
   </div>
   <div class='ocr_carea' id='block_1_7' title="bbox 0 0 1184 3567">
    <p class='ocr_par' dir='ltr' id='par_1_10' title="bbox 0 0 1184 3567">
     <span class='ocr_line' id='line_1_35' title="bbox 0 0 1184 3567; baseline 0 0"><span class='ocrx_word' id='word_1_232' title='bbox 0 0 1184 3567; x_wconf 95' lang='lat' dir='ltr'> </span> 
     </span>
    </p>
   </div>
  </div>
 </body>
</html>
