2359 3567
367 208 428 248 ιιι.
450 207 487 247 u.
508 206 573 248 cnr.
596 204 669 247 xru.
845 185 904 265 145

388 352 528 429 unuvu
557 306 658 417 nvn.

143 525 259 609 Quibus
276 521 445 585 »rationibus
464 520 604 585 valetudo
626 534 656 584 et
673 542 725 582 res
735 521 908 606 famaliaris

293 622 357 671 tum
370 604 535 691 parando,
557 619 621 668 tum
639 606 764 668 sinenda.

142 777 205 839 Sed
228 775 368 838 ualetudo
390 787 573 838 sustentatur
587 776 692 837 notitia
706 776 751 838 sui
766 778 906 860 corporis,
918 793 948 841 et
1017 836 1027 851 ,

97 862 333 939 observatione,
356 866 441 944 quae
469 883 540 938 res,
576 875 630 922 aut
660 863 799 945 prodesse
832 865 948 924 soleant

96 960 153 1007 aut
175 946 303 1024 obesse3
327 948 365 1007 et¹
379 945 563 1008 continentia
584 946 616 1006 in
638 950 718 1008 victu
735 947 833 1023 omni,
856 961 948 1030 atque

95 1032 207 1108 cultu,
230 1032 362 1115 corporis
384 1030 487 1093 tuendi
509 1052 620 1107 causa3
644 1044 675 1091 et
707 1034 946 1114 praetermitten-

95 1115 142 1176 dis
168 1117 372 1201 voluptatibus
387 1140 396 1193 3
420 1130 569 1198 postremo
591 1130 655 1177 arte
673 1139 799 1189 eorum,
816 1138 947 1198 qnorum

94 1199 134 1260 ad
159 1203 312 1263 scientiam
333 1203 408 1265 haec
430 1201 590 1283 pertinent.
613 1201 673 1261 Res
695 1214 795 1261 autem
818 1202 948 1264 familia·

94 1285 137 1344 ris
161 1287 265 1369 quaeri
288 1284 379 1346 debet
399 1285 435 1344 iis
457 1285 568 1360 nebus,
597 1308 615 1346 a
640 1285 751 1367 quibus
771 1285 857 1346 abest
880 1301 944 1348 tur·

94 1371 226 1452 pitudos'
263 1371 430 1432 conservari
448 1383 552 1430 antem
582 1368 760 1450 diligentia,
797 1383 827 1430 et
849 1373 944 1454 parsi·

94 1457 214 1535 monia3
232 1455 337 1521 iisdem
349 1457 438 1517 etiam
450 1454 539 1516 rebus
554 1455 730 1537 augerillas
751 1477 797 1515 res
812 1477 944 1517 commo·

94 1536 216 1601 dissime
245 1543 417 1641 Xenophon
452 1540 620 1601 Socraticus
652 1530 827 1623 persecutus
847 1554 891 1603 est
914 1542 972 1603 in

94 1644 132 1682 eo
155 1624 233 1687 libro
256 1648 308 1708 qur
341 1649 368 1701 a„
382 1628 590 1686 oeconomicus
622 1624 817 1686 inscribitur:
854 1649 946 1710 quem

92 1728 151 1768 nos
173 1710 228 1773 ista
248 1713 311 1773 lere
333 1723 429 1772 aetate
463 1732 558 1792 quum
584 1731 740 1789 essemus,
777 1732 890 1797 quaes
913 1709 947 1775 tit

93 1814 204 1877 nunc,
225 1818 244 1860 e
265 1797 384 1861 Graeco
404 1795 436 1856 in
457 1794 599 1856 Latinum
621 1796 831 1857 convertimus.

350 1964 492 2028 curun
513 1920 634 2029 xurrr.

163 2133 312 2217 Quartum
333 2157 428 2216 genus
450 2134 672 2197 deliberationis
693 2136 773 2197 inter
792 2139 881 2202 utilia

192 2231 294 2281 utrum
326 2220 452 2301 utilius,
473 2232 528 2282 aut
548 2222 625 2305 quid
644 2220 846 2286 utilissimum.

138 2386 198 2447 Sed
214 2388 379 2460 utilitatum
402 2391 585 2474 comparatio
609 2391 775 2472 (quoniam
796 2392 846 2453 hic
862 2394 946 2469 locus

92 2483 163 2535 erat
183 2486 307 2555 quartus
329 2497 347 2534 a
368 2474 512 2561 Panaetio
534 2475 780 2559 praetermissus)
796 2499 885 2564 saepe
901 2498 946 2544 est

91 2559 288 2619 necessaria:
312 2581 382 2619 nam
405 2574 436 2620 ct
465 2560 598 2644 corporis
620 2561 776 2621 commoda
798 2585 865 2623 cum
888 2590 944 2627 ex·

94 2641 211 2719 ternis,
234 2655 266 2702 et
287 2656 409 2707 externa
439 2666 506 2705 cum
540 2645 696 2729 corporis,
719 2659 748 2706 et
782 2646 846 2731 ipsa
868 2650 946 2713 inter

91 2745 125 2784 se
150 2728 310 2810 corporis,
334 2741 365 2789 et
393 2743 516 2792 externa
539 2752 607 2792 cum
629 2732 757 2791 externis
780 2739 943 2817 comparari

91 2808 207 2870 solent.
231 2812 307 2870 Cum
329 2815 457 2878 externis
478 2816 610 2900 corporis
632 2816 689 2876 hoc
711 2816 800 2876 modo
822 2841 943 2902 compa·

91 2906 225 2955 rantur:
250 2894 349 2958 valere
372 2912 405 2959 ut
427 2901 522 2979 malis,
557 2923 648 2986 quam
670 2900 752 2961 dives
773 2925 847 2965 esse.
869 2903 944 2963 Cum

90 3059 110 3095 a
130 3042 332 3125 Oeconomicus
343 3024 355 3120 ‚⁵
370 3049 440 3106 idest
457 3052 489 3108 de
507 3052 609 3108 familia
628 3050 847 3106 administranda.

787 3123 818 3183 G

1072 184 1079 214 t
