2359 3567
256 232 316 321 372
540 251 737 296 rauranum

212 319 289 403 Lydi
312 317 434 381 historia
458 337 541 380 versa
563 340 602 379 ex
638 317 766 381 Platone
787 319 820 380 in
849 315 940 378 libro
955 317 1052 377 tertio.

186 472 191 480 ,
212 406 330 467 Similes
349 403 427 465 aliae
449 404 561 465 multae
583 416 654 464 sunt
674 402 707 462 in
730 402 788 463 hoc
815 401 1059 475 comentariolo,

213 511 287 572 quas
320 488 377 549 sihi
400 488 437 548 ed
460 485 649 548 imitandum.
673 498 848 568 proponat,
876 489 1080 568 quicumque.

217 573 414 634 tolerabiliter
421 571 546 649 dicendi
557 571 658 632 studio
672 581 809 632 tenerum
822 571 926 651 anue
948 570 1065 633 exerci-

214 659 289 719 tatio
313 662 372 717 non
391 671 508 718 tantum
523 655 812 737 augebitrerhomm
827 654 1063 736 supellectilem,
1123 723 1126 731 ,

213 742 265 803 sed
288 743 398 816 etiam,
421 741 593 823 quaemihi
615 738 797 800 indicendo
819 738 912 823 plane
935 741 1064 801 maxima

213 827 307 888 virtus
331 827 467 900 ridetur,
490 827 569 886 hene
590 824 963 906 disponendi'ccieutiam.
987 822 1065 889 Nam
1089 852 1092 856 Δ

214 911 337 977 indocti
355 934 416 971 non
439 912 555 972 tantum
577 907 767 970 adulterinae
789 920 930 970 monetae
965 907 1061 975 rethia

214 998 384 1057 orationem
405 995 587 1071 obscurant,
609 992 661 1054 sed
683 992 724 1052 ita
747 994 838 1054 etiam
870 992 1072 1057 contundunt·

214 1084 251 1140 nc'
270 1082 398 1141 miscent
417 1082 545 1157 omnio,
567 1091 603 1139 ut
622 1076 751 1158 intelligi
765 1097 884 1161 prorsus
900 1090 1061 1160 nequeant.

215 1163 336 1225 Scholia
358 1164 468 1226 alicubi
501 1164 675 1225 brevissima
707 1161 946 1246 adscripsimus,
980 1184 1057 1246 qnae

215 1247 384 1309 indicarent
406 1248 511 1311 lectori
533 1248 677 1309 orationis
696 1245 859 1320 ordinem,
880 1260 912 1307 et
932 1247 1061 1331 disposi-

216 1332 352 1407 tionem,
375 1355 465 1415 qnam
487 1333 540 1417 qui
561 1329 847 1415 deprehenderint,
871 1329 975 1405 facile,
989 1354 1060 1392 sen·

20 1412 24 1498 ξ
118 1465 121 1470 .
217 1419 344 1478 tentiam
365 1416 721 1499 scriptiadsequuntnrc
756 1438 826 1477 uam
860 1414 900 1475 de
934 1418 1062 1476 consilio

216 1505 347 1562 auctoris
371 1496 588 1586 pdonnnciare,
611 1512 663 1559 aut
685 1496 819 1561 iudicare
843 1520 931 1559 nemo
954 1511 1061 1580 potest,

160 1586 170 1601 “
217 1585 273 1649 nisi
295 1587 372 1647 serie
394 1584 540 1649 ormont
558 1583 777 1663 pnimadversa.
799 1584 864 1644 Ubi
884 1585 1062 1645 sententiam

217 1668 400 1749 collegeris,
441 1670 492 1732 hic
525 1664 752 1731 immorandum*
783 1670 843 1729 erit
875 1667 908 1727 iu
940 1669 1062 1748 singulis

141 1762 149 1786 '
189 1755 362 1835 ‘memhris
382 1753 549 1830 orationis3
579 1751 828 1834 videndumque,
862 1773 923 1833 quo
959 1774 1063 1833 genere

217 1837 404 1913 verborum,
427 1840 539 1919 quihus
558 1836 719 1898 schematis
753 1836 897 1897 orationis
925 1857 994 1899 neus
1029 1840 1065 1899 sit

219 1918 350 1984 Cicero:
373 1936 478 2004 estque
500 1944 569 1986 cnm
592 1922 675 1982 illius
696 1921 831 1984 oratione
860 1922 1062 1999 certandum,

218 2017 251 2066 et
272 2008 380 2068 nostris
403 2007 503 2069 verbis
530 2004 743 2088 exponefflum
772 2017 990 2083 argumentum.
1020 2008 1063 2068 lta

219 2089 283 2166 fiet,
308 2106 394 2154 utet
415 2096 599 2155 sententiam
621 2092 743 2172 propius
765 2089 934 2172 adspicias,
958 2103 989 2150 et
1002 2093 1062 2152 cla·

220 2175 283 2235 rius
306 2192 471 2258 appareant
483 2178 599 2239 lumina
614 2174 833 2237 Ciceronianae
844 2175 998 2254 orationis,
1012 2175 1063 2236 uhi

220 2281 289 2322 cum
303 2273 361 2325 ,tna
371 2260 561 2343 eapcppcicer
572 2260 746 2321 contuleris.
769 2259 899 2330 Interea,
912 2272 945 2319 et
968 2262 1063 2336 verba,

222 2358 254 2404 et
278 2343 445 2410 sententiae
466 2345 597 2405 auctoris
612 2345 710 2404 obiter
725 2343 838 2405 firmins
852 2343 1064 2405 adhaerescent

221 2430 334 2492 animo.
358 2428 416 2491 Sed
438 2427 584 2496 iaciamus
605 2429 639 2488 in
660 2426 784 2489 exordio
806 2427 980 2511 periculum.
1005 2428 1062 2489 lui·

223 2514 266 2574 tio
289 2515 430 2597 proponit
454 2513 547 2573 latine
570 2534 603 2572 ee
622 2513 661 2572 de
677 2512 871 2594 philosophia
901 2513 948 2574 ad.
974 2513 1063 2574 lilium

222 2598 378 2672 nubem
402 2597 484 2678 quod
508 2596 639 2657 totidem
661 2596 758 2658 verbis
773 2596 839 2656 dici
860 2588 993 2678 potetate
1014 2621 1062 2659 ve·

222 2694 357 2743 rum'est
377 2681 479 2749 addin
501 2682 687 2763 occupatio,
709 2703 763 2745 cur
795 2681 827 2740 in
861 2692 947 2743 tauta
983 2684 1065 2764 copia

180 2823 182 2827 .
223 2765 413 2829 Graecorum
432 2765 618 2847 Scriptorum
639 2767 703 2849 ipse
725 2762 820 2827 latine
841 2765 952 2827 scribat
964 2765 1064 2828 iisdem

223 2849 263 2910 de
286 2850 373 2922 rebus
387 2895 397 2922 ,
413 2855 492 2932 'ques
514 2849 624 2911 Graeci
637 2847 869 2932 'copiosissimQ
891 2849 1064 2930 splendidis-

223 2934 358 3015 simeqoe
381 2934 597 3009 tracta‘r’crunt3
621 2949 654 2996 et
675 2934 755 2996 lacta
768 2934 972 3017 praeceptoris
988 2956 1063 2995 rnen·

224 3016 290 3090 tio,
313 3031 344 3079 et
365 3017 465 3090 urhis,
487 3029 534 3091 et,
555 3031 591 3079 ut
612 3019 849 3092 distributione,
871 3039 923 3081 ene
957 3018 1060 3100 cuique

223 3097 358 3180 subjecta
379 3100 468 3163 ratio.
482 3101 595 3184 Estque
609 3099 769 3169 ctoritate
780 3123 848 3187 curn
869 3100 1057 3184 occupatione
