2359 3567
445 95 503 136 ιιι.
525 34 550 134 ιι
571 92 634 135 cau.
657 92 713 134 ιιιι
895 72 951 153 ¹73

413 237 573 301 CAPVT
610 236 722 300 Vill.

149 403 314 488 Superiori.
326 404 519 465 altercationi
534 403 782 487 philosophorum
804 421 888 461 suum
902 401 994 462 intcr·

187 490 277 570 punit
298 489 490 560 sententium,
511 490 634 548 omnino
655 487 721 548 viro
744 486 820 546 bono
842 507 936 568 neque
950 484 995 542 si-

192 571 369 631 mulandum
391 593 455 630 esse
476 568 653 655 quidquam,
675 592 770 652 neque
791 566 995 629 simulandum

190 654 240 712 sui
260 653 411 714 commodi
430 676 534 714 caussa
552 700 561 727 ‚
582 654 703 714 etiamsi
730 674 821 728 mos,
857 653 996 736 legesque

184 737 296 798 ‘civsies
317 737 467 820 quaedam
488 738 612 799 reticeri
631 759 691 797 non
713 748 826 796 vetent.

189 903 278 981 Quae
300 901 499 984 dijudicanda
520 917 600 965 suut.
624 903 689 965 Nou
711 902 818 980 euim,
846 914 880 964 ut
900 924 994 985 quae·

147 1008 303 1056 feremus,
326 989 529 1070 exposuimus,
550 988 602 1048 sed
625 1001 659 1047 ut
680 989 910 1070 explicarsmus.
927 985 1004 1058 Non,

147 1070 242 1151 igitur
265 1068 384 1130 videtur
405 1094 460 1131 uec
497 1070 712 1132 frumentarius
741 1068 795 1131 itte
832 1068 995 1145 Rholios,

67 1172 70 1177 ·
148 1174 204 1212 uec
228 1154 277 1213 hic
298 1152 419 1215 aedium
442 1154 580 1217 venditor
595 1156 693 1215 celare
704 1164 832 1212 emtores
845 1152 994 1214 debuisse.

147 1234 253 1318 Neque
275 1235 357 1311 cuim
380 1239 471 1299 idest
492 1263 511 1301 a
534 1239 654 1310 celare,
677 1235 828 1319 quidquid
849 1235 995 1295 reticeas:

148 1317 200 1378 sesi
221 1341 335 1400 quum,
357 1321 439 1402 quod
464 1335 496 1382 tu
519 1323 623 1398 scias,
644 1321 676 1381 id
711 1322 848 1400 ignorare
881 1316 996 1377 emolu·

59 1460 62 1473 ,
149 1406 244 1462 menti
268 1403 311 1469 tui
334 1426 437 1466 caussa
459 1406 532 1466 velis
554 1426 623 1481 eos,
656 1425 785 1485 quorum
809 1400 928 1461 intersit
963 1400 996 1461 id

146 1486 236 1546 scire.
259 1485 325 1549 Hoc
346 1501 446 1550 autem
469 1488 586 1550 celandi
617 1509 712 1570 gcnus
747 1485 836 1569 quale
871 1484 930 1560 sit,
965 1496 996 1545 et

146 1569 238 1652 cujus
269 1569 425 1649 -hominis,
461 1575 527 1655 quis
560 1596 620 1633 uon
662 1571 774 1631 sidet?
799 1568 896 1633 ,Certe
933 1589 995 1628 nou

148 1654 267 1735 aperti,
293 1677 354 1715 uon
376 1656 522 1738 simplicis
543 1679 603 1721 uon
627 1654 778 1739 ingenui,
810 1674 871 1713 nou
900 1650 993 1733 justi,

147 1758 214 1798 uou-
233 1735 286 1797 siri
308 1738 405 1815 boui,
430 1741 540 1801 versuti
583 1739 683 1812 otius,
714 1736 857 1814 obscuri,
880 1734 993 1812 astuti,

147 1816 262 1903 fallacis
279 1862 299 1899 ,2
313 1823 479 1898 malitiosi,
513 1764 639 1901 caliidi,
676 1820 871 1895 veteratoris,
909 1817 994 1881 vafri.

147 1904 230 1966 llaec
254 1918 322 1981 tot,
345 1919 376 1967 et
398 1908 459 1969 alia
481 1908 568 1992 plura
593 1929 693 1969 nonne
715 1905 827 1967 inutile
848 1916 892 1963 est
907 1903 993 1962 sitio·

110 1990 112 1993 ’
146 2010 213 2049 rum
236 1990 337 2051 subire
359 1996 491 2055 nomina.
514 1993 532 2054 b
552 1992 641 2073 Quod
665 1992 689 2054 si
704 1986 894 2075 uituperandi
910 1998 992 2063 sunt,

146 2073 435 2156 quiscticuerunt,
458 2077 541 2157 quod
564 2078 601 2138 de
624 2078 661 2140 iis
681 2073 917 2139 existimandum
935 2083 992 2148 est,

146 2159 199 2237 qui
223 2157 368 2219 orationis
392 2161 550 2229 vanitatem
573 2160 804 2241 adhibuerunt?
826 2157 917 2245 Cujus
938 2155 994 2219 Ca·

147 2244 238 2319 nius,
260 2264 350 2324 eques
372 2243 552 2325 Romanus,
574 2270 630 2308 nec
660 2248 828 2323 infacetus,
858 2260 889 2311 et
921 2244 992 2314 satis

145 2324 303 2404 literatus,
325 2348 420 2408 quum
442 2353 475 2390 se
496 2334 657 2415 Syracusas
677 2332 793 2392 otiandi
817 2353 877 2392 uon
903 2354 991 2414 nego·

146 2408 242 2472 standi
264 2431 394 2486 caussa,
416 2414 480 2477 uti
503 2437 533 2476 se
555 2415 658 2477 dicere
679 2416 820 2494 solebat,
843 2419 1003 2491 contulisffi

143 2507 206 2568 set,
229 2493 405 2572 dictitabat,
428 2519 459 2556 se
483 2438 616 2559 iortuios
635 2499 753 2581 aliquos
778 2499 988 2580 velleemcrc,

95 2601 98 2610 ·
144 2599 205 2660 quo
227 2575 356 2645 invitare
378 2581 507 2659 amicos,
529 2585 635 2651 stubi
662 2606 702 2658 se
735 2583 889 2646 obiecture
923 2587 988 2649 siue

142 2808 159 2847 a
175 2791 261 2845 Aliud
279 2793 390 2861 celare,
409 2795 483 2848 aliud
501 2798 624 2851 reticere.
671 2810 674 2819 ’
701 2820 704 2826 ’

142 2857 267 2982 ὒΤιὲζξο
286 2862 392 2933 celare,
410 2865 482 2937 quod
500 2875 558 2934 est,
577 2867 685 2943 tuspius
703 2868 823 2937 mentiri,
841 2867 915 2936 quod
928 2884 983 2923 uou
