2359 3567
240 251 299 319 rio
429 268 461 311 u.
483 268 510 310 r.
533 265 629 308 crem.
650 266 688 307 ss
708 261 798 309 ome.

193 361 317 410 caussa,
339 355 416 416 quae
436 330 533 393 salute
555 345 653 392 nostra
676 331 908 411 continebatur,
936 355 1042 402 omues
1077 355 1079 359 '

192 426 229 487 P.
256 419 355 482 Clodii
380 431 525 493 conatus,
538 416 715 499 furoresque
730 419 912 501 compressit.
928 417 1041 484 Caussa

193 508 285 592 igitur
305 503 471 587 largitionis
500 511 569 578 est,
592 501 616 561 si
642 515 695 562 aut
729 523 847 563 necesse
884 517 951 579 est,
988 520 1042 569 aut
1078 543 1082 549 -

131 632 133 637 ,
194 582 422 654 utilelnrbis
451 600 552 648 autem
584 586 657 670 ipsis
690 586 905 653 mediocritatis
938 591 1042 672 regula

179 678 306 761 ,optima
328 685 383 735 est.
405 694 425 733 u
448 672 483 738 L,
507 669 630 754 quidem
652 669 840 755 Philippus,
869 672 907 753 Q
938 674 1041 754 filius,

158 819 163 827 ,
194 782 301 843 magno
326 760 368 821 vir
388 756 527 839 iugenio,
543 755 574 815 iu
598 754 763 838 primisque
785 756 899 832 clarus,
918 757 1042 840 gloriari

194 846 330 919 solebat,
346 842 451 905 sesine
467 841 530 901 ullo
546 861 671 901 munere
684 838 741 900 ade
764 854 832 911 tum„
842 850 906 903 esse
920 846 1040 921 omnia,

217 952 274 992 uae
302 927 484 990 haberentur
510 925 705 1008 amplissima.
735 864 862 987 dicebat
893 927 973 988 idem
1006 927 1040 989 C.

110 1014 113 1023 “
194 953 298 1076 durio.
320 1010 415 1074 Nobis
436 1015 559 1093 quoque
581 1009 653 1070 licet
674 1011 705 1069 in
728 1011 785 1071 boc
818 1011 1043 1092 quodammodo

122 1151 131 1169 ,
182 1098 325 1181 gloriari.
347 1095 423 1158 llam
444 1117 499 1178 pro
525 1093 729 1176 amplitudine
762 1095 934 1174 honorum,
966 1118 1043 1178 quos

195 1183 313 1261 cunctis
334 1180 479 1263 suffragiis
499 1177 601 1261 adepti
624 1199 744 1254 sumus,
760 1178 778 1238 b
797 1193 898 1241 nostro
919 1180 1044 1264 quidem
1119 1227 1121 1232 -
1170 1234 1171 1243 ,

178 1282 298 1340 ,ευῃσμ
318 1264 399 1348 quod
421 1263 545 1346 contigit
566 1282 674 1325 eorum
695 1262 828 1349 nemini,
851 1286 926 1346 quos
952 1266 1043 1326 modo

195 1352 368 1427 nominavi,
391 1372 462 1411 sane
483 1348 607 1431 exiguus
628 1358 742 1408 sumtus
763 1347 924 1410 aedilitatis
946 1349 1044 1413 luite

195 1437 413 1519 Atque‘etiam
434 1435 506 1496 illae
527 1433 680 1516 impensae
702 1431 856 1506 meliores,
870 1434 967 1512 muri,
989 1457 1045 1495 na·

93 1539 97 1548 ’
196 1522 292 1594 vatia,
315 1534 444 1605 portus.
466 1540 612 1603 aquarum
635 1518 761 1590 duetus,
782 1517 944 1601 omniaque
966 1541 1046 1603 quae

195 1605 235 1667 ad
264 1627 351 1667 usum
384 1603 502 1688 reipub.
536 1603 698 1703 pertinent.
736 1602 926 1686 Quamquam
962 1605 1046 1688 quod

196 1694 337 1773 praesens
360 1702 505 1772 tauquam
535 1709 566 1748 rn
595 1708 718 1748 manum
751 1684 863 1764 datur,
885 1688 1048 1750 iucundius

33 1856 38 1867 Ι
107 1820 109 1824 -
197 1787 267 1851 estq
293 1789 391 1836 tamen
413 1775 488 1834 baec
510 1771 542 1831 in
564 1786 717 1855 posterum
733 1771 871 1854 gratiora.
895 1773 1048 1849 Theatra,

196 1860 331 1941 porticus
344 1904 364 1934 s
386 1880 463 1918 nora
492 1856 604 1939 templa
633 1855 830 1918 verecundius
859 1858 1047 1942 reprehendo

197 1958 320 2029 propter
343 1942 543 2027 Pompeiume
566 1942 618 2002 sed
641 1941 805 2003 doctissimi
827 1964 888 2004 uon
910 1944 1049 2027 vprobant

196 2041 233 2087 ut
254 2042 285 2090 et
307 2029 357 2090 hio
378 2027 441 2110 ipse
463 2027 645 2101 Panaetius,
667 2048 758 2109 quem
786 2028 915 2088 multum
946 2029 979 2089 in
1001 2028 1049 2091 bis

122 2115 126 2126 '
198 2110 283 2174 libris
306 2125 425 2177 secutus
447 2133 536 2189 sum,
560 2118 620 2172 non
646 2111 884 2195 interpretatus3
911 2125 943 2176 et
969 2112 1049 2179 Pha-

9 2270 10 2277 *
101 2240 111 2251 Ι
145 2262 151 2270 ,
197 2195 316 2259 lenaeus
330 2196 519 2273 Demetrius,
537 2197 590 2278 qui
604 2196 749 2259 Periclem
765 2196 931 2282 principem
947 2198 1047 2259 Grae·
1095 2250 1100 2255 ,
1169 2209 1172 2220 ’

198 2281 263 2342 ciac
286 2284 452 2367 vituperat,
476 2280 558 2362 qnod
580 2294 695 2344 tantam
717 2282 876 2365 pecuniam
902 2282 1051 2365 inprae-

161 2386 163 2391 ·
198 2366 278 2428 clara
302 2368 363 2428 -illa
394 2366 417 2425 d
453 2365 601 2449 Propylea
631 2364 802 2443 coniecerit.
826 2368 887 2428 Sed
914 2365 954 2426 de
990 2369 1049 2429 boc

198 2472 307 2534 genere
343 2463 407 2525 toto
429 2450 462 2509 in
497 2449 543 2511 bis
575 2452 685 2527 libris,
713 2473 791 2533 quos
819 2452 858 2512 de
891 2451 1050 2535 republica

198 2536 321 2618 scripsi,
352 2535 515 2616 diligenter
538 2548 583 2597 est
611 2535 808 2618 disputatum.
843 2536 924 2598 Tota
957 2536 1051 2619 igitur
1147 2606 1148 2609 Ἴ

198 2622 277 2682 ratio
301 2621 407 2682 talium
427 2618 622 2703 largitionum
643 2643 751 2704 genere
772 2619 876 2682 vitiosa
897 2634 960 2699 est,
975 2634 1051 2684 tem·

234 2801 293 2923 Sui
309 2803 376 2856 citra
393 2803 435 2855 lar
453 2801 548 2857 'tiones
568 2804 634 2855 ullas
650 2802 768 2856 bonores
785 2810 849 2857 sunt
866 2804 1014 2858 consecuti.

200 2871 246 2921 b..
261 2880 334 2922 ostro
352 2888 424 2924 anno
466 2870 583 2939 mphusis
601 2874 650 2923 cst.¹
836 2927 841 2937 ¹

200 2955 217 2989 e
234 2937 341 3008 Quibus
358 2941 388 2992 in
410 2939 505 3009 rebus⁴
522 2948 624 2991 sumtus
654 2937 807 2992 huiusmodi
836 2940 934 2993 rectius
962 2940 1048 2994 collo·

234 3013 343 3060 cantur..

201 3068 222 3121 d
236 3071 375 3148 'Propilaea
392 3073 537 3126 Minervae.
556 3072 629 3127 ldest
639 3064 770 3135 restituta
782 3076 944 3136 tumluoriut
955 3083 1050 3150 coepit

235 3138 366 3193 invidum
383 3141 496 3194 attulere
514 3141 623 3198 Pericli.
