2359 3567
396 202 427 244 rs
442 174 509 243 irs.
530 200 568 242 ru
589 200 628 245 ns
649 198 745 242 orric.
886 181 944 244 331

125 316 127 321 .
171 265 304 333 'tr-*Est
325 264 410 328 slibi.
503 306 508 315 .
610 284 614 291 ’

187 354 228 414 32
252 350 318 412 Non
341 350 384 411 ita
399 354 571 431 maguum.)
588 351 633 412 Ae
650 369 736 424 mon,
753 346 874 409 nonita
890 361 994 432 torpe.
1101 391 1104 397 ·

136 437 191 500 Ita
211 483 220 511 ,
244 447 361 495 tautum
392 432 485 494 habet
514 435 672 518 epitasin,
704 427 781 499 nihil
812 445 913 495 autem
944 435 992 509 itti
1128 500 1132 506 ,

138 519 324 602 respondete
346 514 430 600 quod
453 540 546 602 genus
569 532 632 591 est,
655 536 751 600 quum
771 517 925 596 dicimus,
949 520 993 581 ita
1044 516 1046 519 ’

109 616 114 625 ’
137 626 209 666 sum
232 606 384 673 homiuem
407 614 571 687 expertus,
586 616 622 664 ut
636 598 738 663 denuo
753 604 826 663 olim
843 604 992 686 experiri.

188 690 226 750 33
249 688 357 768 Quid?
380 688 442 764 Qui
464 689 566 748 omnia
589 700 672 748 recta
694 691 777 766 etc.)
801 689 883 764 Quiri
908 710 994 772 sepa·

69 780 88 819 -’
142 773 275 836 rendum
299 784 344 832 est
365 795 383 831 a
404 772 545 854 sequenti
566 772 819 854 sermone,quod
842 796 992 856 experge·
1054 850 1057 855 Ι

144 857 218 919 sacit
240 858 408 927 lectorem,
431 870 464 916 ut
486 868 559 917 ante
581 859 822 918 monstravimus.
907 886 911 891 ·

190 942 228 1020 34
251 940 328 1005 llam
350 942 374 1000 si
397 940 573 1002 riolsudnm
595 946 669 1019 est.)
684 943 754 1003 Duo
767 942 882 1005 senarii
904 955 993 1021 sunt,

145 1026 264 1088 tametsi
288 1025 398 1087 Cicero
420 1047 481 1084 nou
505 1025 656 1086 serratio
680 1027 727 1087 his
750 1026 870 1106 legem,
899 1050 994 1109 quam

143 1111 264 1190 Graeci,
283 1109 388 1191 tragici
410 1122 539 1170 serrant.
562 1110 659 1172 Porro
682 1110 714 1170 iu
737 1110 869 1171 secundo
905 1106 994 1173 versu

142 1208 199 1258 aut
219 1194 346 1255 verbum
367 1194 545 1256 elidendum
567 1208 635 1272 est,
656 1192 763 1256 entia
798 1196 993 1278 praeposito,

143 1292 182 1341 ut
202 1291 318 1339 constet
340 1277 430 1341 metri
452 1280 541 1339 ratio.
1075 1324 1078 1329 ,

191 1365 230 1424 35
253 1361 343 1423 llulti
366 1362 467 1445 iniqui
488 1377 582 1444 atque
604 1362 779 1440 infideles.)
803 1362 994 1429 Trochaicus

145 1460 193 1510 est
216 1457 391 1508 tetrameter
412 1447 625 1519 catalecticus,
648 1448 707 1507 nisi
729 1447 811 1529 qnod
835 1448 914 1507 duae
936 1470 991 1529 po-

120 1545 276 1596 stremae
297 1530 448 1592 dictiones
470 1531 502 1591 iu
526 1531 693 1600 omnibus,
728 1554 806 1614 qnae
840 1531 994 1609 viderim,

145 1616 398 1700 exemplaribus,
433 1627 523 1677 eraut
557 1616 787 1698 transpositae,
821 1617 896 1677 boui
924 1627 996 1677 sunt

142 1723 204 1784 ¹pro
226 1714 298 1761 sunt
318 1700 404 1762 boni.
1057 1768 1061 1785 Ι

193 1784 232 1847 36
256 1785 447 1846 tunnam
470 1784 604 1866 gretie.)
626 1783 664 1845 ln
687 1785 788 1866 pretio
810 1806 896 1859 esse,
930 1783 995 1843 usi·
1043 1861 1047 1865 ¹

150 1869 332 1941 latissimum
353 1882 414 1929 est:
439 1869 470 1928 iu
495 1868 613 1929 honore
635 1889 716 1943 esse,
741 1868 867 1928 itidem:
883 1870 913 1930 in
930 1889 996 1948 gra·

71 2022 76 2029 ,
152 1955 195 2016 tia
207 1998 218 2028 ,
241 1968 272 2014 et
293 1954 389 2037 gloria
413 1975 499 2029 esse,
522 1974 583 2012 uon
606 1953 736 2034 perinde
758 1955 995 2029 usitatumreo·

150 2060 213 2121 que
235 2040 472 2117 annotavimus,
496 2057 535 2096 ne
557 2037 626 2118 quis
649 2037 692 2110 ita
713 2049 855 2099 vereatur
884 2036 997 2118 loqui,

150 2145 248 2206 quum
271 2122 451 2183 Ciceronem
476 2121 642 2181 habeamus
664 2134 828 2183 auctorem.
898 2158 900 2161 ν
925 2166 934 2172 „
1029 2122 1041 2134 “

192 2201 234 2291 3]
259 2207 292 2268 si
314 2207 484 2292 praemium
506 2205 534 2264 ei
558 2207 796 2289 proposuisset.)
825 2203 1000 2267 Videbatur

151 2292 204 2356 liic
226 2310 325 2354 sermo
348 2292 441 2374 magis
464 2289 623 2372 requirere
656 2289 826 2376 pronomen
859 2288 997 2370 recipro-

108 2402 117 2407 “
151 2398 222 2438 cum
239 2369 259 2453 ,'
276 2376 301 2436 si
336 2378 505 2461 praemium
528 2374 585 2434 sibi
609 2377 838 2459 proposuisset,
872 2372 925 2446 sed
955 2371 999 2432 ri·

153 2472 231 2522 tasse
254 2461 378 2521 ridetur
400 2459 666 2542 amphibologiam.
689 2459 749 2523 Nos
772 2459 804 2525 iu
826 2454 1001 2540 hujusmodi

152 2546 228 2606 locis
248 2542 329 2605 terre
352 2545 481 2605 solemus
502 2545 546 2604 eti
569 2544 641 2626 ipsi.
820 2537 830 2551 ⁸
882 2592 885 2596 Δ

66 2626 70 2633 ’
132 2656 135 2664 ·
198 2630 239 2690 38
261 2628 437 2692 Praefracte
458 2626 663 2708 defendere.)
686 2627 793 2690 Cicero
816 2625 1000 2711 praefractos
1093 2634 1095 2639 ‘

154 2708 261 2790 vocat,
277 2718 363 2796 quia
381 2713 531 2773 sententia
548 2735 610 2773 non
626 2727 753 2798 possunt
772 2709 902 2784 adduci,
921 2732 1002 2791 quos

156 2802 187 2860 ni
212 2799 326 2874 salter,
361 2797 475 2859 Graeci
508 2810 617 2859 vocant
637 2788 779 2859 citatem.
799 2793 1001 2869 Praefracte,

90 2958 93 2961 Ι
155 2883 375 2965 pertinaciter.
390 2880 458 2944 Hoc
478 2883 646 2960 annotari,
681 2878 763 2962 quod
793 2878 907 2939 eruditi
929 2876 1001 2958 qui·
1034 2914 1039 2919 ·

84 2990 87 2991 ⁷
155 2966 225 3027 darn
249 2965 490 3041 contenderint,
513 2965 565 3028 has
588 2985 675 3026 voces
698 2984 759 3042 pon
782 2984 845 3023 esse
867 2959 988 3027 latinas.

203 3053 241 3134 39
264 3052 353 3112 Stare
375 3050 564 3133 conventis.)
588 3051 650 3112 Pro
671 3067 790 3110 serrare
811 3056 909 3131 pacta.
931 3046 1003 3111 Inu-
