2359 3567
235 163 305 217 ‚aaa
433 166 465 208 nt.
488 168 515 211 τ.
538 168 632 209 cicun.
655 169 692 209 oa
713 171 808 211 orric.

199 230 311 292 debent
331 231 537 307 contendere3
561 232 643 314 quod
665 257 702 294 eo
724 235 854 295 firmiore
875 221 977 319 &imo
1003 237 1050 301 la·

97 370 103 377 ,
197 317 300 392 cient,
324 314 480 396 quianon
503 316 593 377 modo
614 339 675 379 nou
689 318 844 381 inridetur
864 319 911 382 illi
933 324 1051 402 aetati,

103 414 115 457 ff
198 399 415 463 verumetiam
437 400 563 463 lavetur.

407 518 411 527 ’
487 526 759 591 (ΙΑΡῩΗ

252 655 472 721 Adolescentes
493 655 599 738 quibus
619 656 708 717 rebus
724 658 836 739 populo
855 657 990 740 primum

386 739 635 801 ,commendentur
654 741 697 801 od
714 741 859 835 glorium.

241 867 343 928 Prima
367 866 459 949 igitur
479 880 524 927 est
544 866 728 928 adolescenti
763 867 983 930 commendatio
1011 871 1051 932 ad

198 951 410 1034 gloriam,'si
444 951 727 1033 qua-exsbetticis
761 953 849 1013 rebus
882 954 1052 1039 comparari
1086 979 1108 993 ψ

104 1059 108 1066 ’
146 1090 152 1107 ,
196 1048 320 1119 potest,
344 1036 376 1094 in
397 1058 458 1121 qua
480 1035 567 1095 multi
590 1036 672 1118 apud
693 1038 822 1099 maiores
844 1039 1052 1100 nostrosexti·

200 1133 325 1181 terunt:
361 1142 477 1202 semper
498 1120 579 1181 enim
596 1121 657 1181 lere
678 1119 759 1181 bella
778 1123 966 1205 gerebantur.
982 1124 1053 1184 Tua

199 1217 300 1266 autem
323 1219 403 1264 aetas
426 1203 535 1288 incidit
557 1205 587 1264 in
612 1206 642 1265 id
665 1204 800 1283 bellum,
815 1231 834 1267 a
850 1208 935 1268 cuius
956 1208 1054 1269 altera

199 1312 268 1374 pars
290 1290 407 1351 sceleris
443 1290 571 1351 nimium
608 1289 716 1352 babuit
732 1314 748 1366 ς]
772 1292 865 1352 altera
898 1291 1054 1353 felicitatis

200 1397 318 1459 parum.
340 1377 409 1454 Quo
433 1387 531 1436 tamen
554 1375 586 1437 in
609 1375 713 1453 bello,
737 1375 754 1434 b
775 1379 868 1458 quuin
893 1390 921 1436 te
957 1377 1052 1439 Pom-

40 1456 45 1465 ’
101 1500 105 1501 ⁷
200 1461 288 1543 peius
309 1459 375 1521 alae
397 1461 484 1520 alteri
507 1460 718 1545 praefecisset,
741 1482 876 1543 magnam
908 1461 1054 1538 laudem,

200 1557 232 1605 et
253 1567 270 1603 a
294 1566 409 1604 summo
433 1545 521 1621 viro,
544 1559 575 1606 et
598 1546 637 1607 ab
658 1545 791 1606 exercitu
827 1546 1055 1626 consequebare

201 1627 347 1707 equitand
377 1628 577 1706 ,iaculando,
595 1630 678 1691 omni
707 1629 832 1691 militari
855 1631 957 1690 labore
975 1630 1054 1691 tole·

177 1712 307 1776 uado.
361 1726 432 1796 tque
455 1735 490 1774 ea
512 1715 635 1796 quidem
660 1729 710 1776 tua
738 1716 803 1775 laus
837 1716 952 1798 pariter
984 1736 1055 1776 cum
1091 1747 1103 1763 ι

202 1801 309 1881 repub.
330 1797 449 1860 cecidit.
475 1797 548 1859 llihi
571 1813 671 1860 autem
694 1801 768 1861 haec
789 1800 885 1860 oratio
914 1813 1056 1882 suscepta

204 1906 265 1944 non
287 1883 325 1943 de
348 1898 376 1944 te
398 1900 467 1959 est,
488 1883 539 1942 sed
562 1885 600 1945 de
622 1899 729 1967 genere
753 1897 833 1961 toto,
858 1886 1055 1968 quamobrem

204 1968 243 2028 ad
265 1990 323 2043 ea,
347 1991 425 2050 quae
448 1981 585 2045 restant,
620 1990 785 2053 pergamus.
822 1969 864 2050 Vt
897 1971 989 2053 igitur
1021 1968 1055 2028 in

204 2053 331 2135 reliquis
353 2054 442 2114 rebus
463 2054 559 2131 multo
581 2056 696 2115 maiora
717 2068 787 2116 sunt
807 2078 899 2137 opera
934 2051 1055 2129 animi,

122 2202 130 2203 a
205 2159 297 2221 quam
319 2138 476 2222 corporisg
500 2139 542 2199 sic
564 2140 621 2200 hae
645 2162 716 2216 res,
739 2162 813 2221 quas
845 2138 1058 2222 persequimur

206 2221 355 2305 ingenio,
377 2217 573 2299 afflatione,
595 2225 844 2305 gravioressunt,
862 2245 952 2306 quam
968 2224 1055 2300 illae,

206 2330 282 2390 quas
303 2306 429 2369 viribus.
460 2307 562 2370 Prima
590 2308 682 2392 igitur
717 2308 936 2372 commendatio
965 2306 1058 2392 proli·

206 2392 330 2463 ciscitur
351 2415 368 2453 a
392 2392 558 2470 modestia,
587 2405 650 2453 tum
686 2393 798 2477 pietate
828 2395 859 2453 iu
892 2405 1056 2476 parentes,

207 2490 271 2538 tum
295 2478 327 2538 in
350 2499 419 2538 suos
444 2477 668 2540 benevolentia.
696 2478 853 2539 Facillime
888 2492 989 2538 autem
1024 2491 1059 2539 et

208 2563 240 2623 in
274 2563 418 2645 optimam
440 2577 554 2646 partem
590 2577 809 2645 cognoscuntur
829 2562 1057 2641 adolescentes,

95 2708 97 2711 .
208 2648 315 2728 quise
337 2648 375 2708 ad
398 2646 515 2725 claros,
537 2661 568 2708 et
582 2650 730 2732 sapientes
754 2644 856 2724 viros,
878 2648 956 2709 bene
981 2670 1057 2708 con·

115 2766 119 2773 -v
207 2733 340 2793 solentes
363 2731 437 2815 reip.
461 2734 683 2809 contulerunt,
722 2733 901 2815 quibuscum
937 2733 963 2793 si
994 2731 1058 2792 sre-

208 2831 333 2898 qnentes
356 2819 437 2892 sint,
459 2820 633 2902 opinionem
649 2819 779 2879 afferunt
800 2818 930 2901 populo,
950 2829 1081 2878 eorum'
1095 2830 1112 2855 Χ

207 2901 270 2964 lore
293 2927 324 2965 se
346 2901 476 2981 similes,
491 2926 567 2988 quos
587 2903 646 2963 sibi
669 2903 727 2986 ipsi
743 2902 909 2986 delegerint
929 2902 969 2964 ad
985 2901 1058 2963 imi-

207 3070 228 3107 α
244 3053 436 3117 caesariana„
616 3042 818 3124 bPompeiana.
851 3093 855 3100 .
