2359 3567
96 172 100 180 ,
429 123 486 164 era.
508 124 543 165 ιι.
566 125 630 166 car.
651 123 692 165 ιι.
887 124 943 189 127

140 188 265 251 omniuo
288 185 510 270 repudiandum
531 203 598 250 est:
621 201 653 250 et
674 209 762 289 saepe
784 187 901 249 idoneis
931 192 988 252 bo·

89 351 91 354 ¹
139 271 277 335 minibus
300 268 504 354 indigentibus
526 271 564 333 de
586 296 618 334 re
640 272 790 355 familiari,
808 272 988 356 impertien-

140 355 235 432 dum,
270 354 321 421 sed
356 355 538 439 diligenter,
575 370 667 439 atque
702 356 865 420 moderate.
901 356 990 418 blulti

139 442 221 502 euim
243 440 428 524 patrimonia
444 440 629 519 effuderunt,
637 441 806 504 inconsulte
821 440 988 524 largiendo.

42 592 47 599 Χ
138 525 223 604 Quid
245 538 347 585 autem
368 539 414 587 est
449 524 594 599 stultius,
625 549 716 609 quam
746 525 829 609 qnod
860 527 991 588 libenter

139 609 230 672 facias
243 656 262 695 ,¹
276 608 402 687 curare,
425 623 459 671 ut
482 610 513 671 id
535 608 650 675 diutius
672 611 769 672 lacere
791 633 852 671 non
873 613 991 694 possis?

138 696 244 777 Atque
255 693 348 755 etiam
361 705 527 777 sequuntur
542 694 729 777 largitionem
742 696 875 778 rapinae.
888 697 990 774 Quum
1020 736 1024 747 ·

139 784 221 843 enim
245 778 344 840 dando
365 801 451 861 cgere
473 781 627 861 coeperint
649 780 754 841 alienis
775 780 862 840 bonis
885 791 990 842 ma'nus

83 896 84 903 ¹
138 870 247 942 afferre
268 879 425 946 coguntur.
440 865 488 925 Ita
511 887 604 947 quum
620 864 850 941 benevolentiae
865 888 988 949 compa·

137 953 250 1014 randae
273 970 374 1011 caussa
404 948 531 1010 benefici
565 972 628 1009 esse
658 952 776 1027 velint,
809 972 869 1012 uon
906 964 990 1011 tanta

71 1032 82 1113 'x
137 1038 239 1098 studia
271 1047 472 1119 assequuntur
503 1038 631 1114 eorum,
670 1035 779 1117 quibus
816 1034 987 1111 dederunt,

44 1198 47 1207 Ι
138 1117 254 1203 quanta
275 1119 343 1180 odia
365 1118 493 1193 eorum,
517 1119 844 1200 quibussademernnt.
877 1120 990 1196 Quam·

137 1207 243 1266 obrem
265 1204 383 1266 accita
406 1203 574 1282 claudenda
596 1217 641 1264 cst
661 1227 707 1265 res
741 1203 917 1279 familiaris,
955 1218 990 1266 ut

120 1312 205 1350 ⁴cam
228 1290 397 1375 benignitas
418 1288 535 1371 aperire
559 1310 620 1348 non
641 1289 757 1371 possit,
790 1310 845 1349 nec
881 1290 923 1348 ita
946 1311 990 1350 re·

135 1375 290 1449 seranda,
312 1387 346 1434 ut
367 1368 468 1455 pateal
490 1373 641 1433 omnibus.
664 1372 771 1432 Modus
788 1370 989 1451 adhibeatur,

135 1459 223 1541 isque
245 1460 395 1521 referatur
415 1457 453 1518 ad
475 1457 641 1518 facultates.
664 1457 798 1518 Omnino
820 1456 989 1525 meminisse

120 1542 281 1604 'debemus
303 1542 360 1618 id,
383 1542 466 1624 quod
489 1564 510 1602 a
536 1543 645 1604 nostris
673 1541 850 1604 bominibus
878 1543 990 1625 saepis-

135 1629 209 1705 sime
233 1622 431 1711 usurpatum,
450 1628 509 1687 iam
525 1625 555 1686 in
573 1627 726 1708 proverbii
740 1627 988 1689 consuetudinem
1070 1692 1084 1701 Γ

135 1713 240 1790 venit,-
266 1735 285 1772 a
298 1710 488 1794 largitionem
504 1710 633 1771 fundum
654 1734 715 1773 non
727 1712 850 1772 babere.
866 1710 988 1776 Etenim

15 1842 16 1855 ,
47 1810 52 1813 “
134 1799 203 1880 quis
226 1809 326 1879 potest
347 1818 410 1856 esse
439 1795 571 1872 modus,
603 1818 699 1880 quum
734 1809 764 1857 et
798 1796 900 1873 idem,
934 1798 987 1880 qui
1085 1792 1086 1795 ¹

134 1895 337 1957 consuerunt,
354 1895 384 1942 et
406 1879 485 1946 illud
500 1880 581 1945 idem
595 1880 648 1942 alii
661 1880 846 1941 desiderent?
855 1879 1024 1956 Omninox

100 2018 110 2031 ,
134 1967 196 2028 (luo
218 1979 291 2027 suut
312 1988 422 2048 genera
443 1966 618 2046 largorum
642 1989 769 2047 quorum
800 1964 890 2026 alteri
917 1989 987 2048 pro·

134 2051 221 2136 digi,
244 2051 334 2111 alteri
356 2050 506 2112 liberales.
529 2050 672 2132 Prodigi,
695 2051 746 2132 qni
769 2051 891 2135 epulis,
914 2064 945 2112 et
968 2052 986 2112 b

135 2136 408 2215 viscerationibus,
430 2157 447 2195 c
468 2146 499 2194 et
525 2133 712 2216 gladiatoriis
745 2134 943 2210 muneribus,
964 2135 989 2195 d

134 2221 298 2299 ludorum,
332 2220 634 2303 e'reuatiouumque
672 2233 817 2303 apparatu
843 2221 986 2304 pecunias

135 2307 322 2391 profundunt
343 2308 375 2367 in
397 2329 447 2367 eas
474 2328 542 2379 res,
571 2327 699 2388 quarum
728 2306 902 2366 memoriam
930 2320 985 2368 aut

136 2394 284 2468 brevem,
307 2405 361 2454 aut
383 2392 499 2452 nullam
521 2390 580 2450 sint
601 2388 736 2451 relicturi
764 2392 899 2451 omnino.
930 2390 983 2450 Li-

133 2477 252 2539 berales
274 2489 398 2550 autem,
420 2479 473 2559 qui
495 2477 556 2535 suis
577 2474 769 2537 facultatibus
802 2489 855 2538 aut
868 2468 984 2559 ‘eaptus

136 2613 155 2647 a
170 2594 307 2661 Adagium
326 2611 341 2644 a
359 2588 432 2644 'dolio
450 2600 558 2660 pertuso
576 2593 747 2659 translatum,
765 2594 840 2662 quod
852 2600 883 2644 ut
893 2591 984 2643 infusa
1037 2648 1043 2655 .

155 2678 238 2729 ‘aqua
252 2677 391 2728 nunqnam
404 2668 492 2712 tamen
505 2659 648 2726 impletur,
661 2661 699 2710 ita
711 2678 761 2712 nec
772 2662 889 2730 populus
900 2659 982 2726 largi·

168 2729 300 2780 tionibus,
371 2726 386 2776 b
404 2725 621 2792 viscerationes,
640 2727 762 2792 convivia
780 2746 794 2780 e
812 2728 948 2780 carnibus.

138 2812 151 2865 c
167 2794 283 2847 Munera
301 2795 498 2864 gladiatorum,
517 2795 668 2861 spectacula
685 2804 804 2847 cruenta.

15 2900 16 2913 t
137 2859 156 2913 d
171 2861 313 2915 Ludorum
329 2902 336 2928 ,
354 2863 424 2914 idest
440 2863 658 2926 comoediarum,
677 2870 724 2913 aut
740 2860 946 2929 tragoediarum.

54 2932 62 2938 ”
138 2945 152 2979 a
168 2928 363 3049 &nationum
376 2948 459 3002 quum
469 2946 554 2991 norae
564 2929 695 3001 quaedam
709 2931 783 2984 serae
799 2927 899 3001 populo
910 2924 982 2980 exhi·

201 3005 275 3052 ntur.
477 3002 480 3006 '
