2359 3567
399 147 447 188 sev
467 147 505 188 aa
525 145 692 188 asnecrvrn.
865 128 924 209 267

116 232 178 289 ,irre
200 209 284 274 robis
301 257 312 288 ,
331 232 425 293 quarn
448 233 501 271 ros
521 211 598 273 mini
625 231 687 271 esse
721 205 879 273 iucundos.
911 208 970 271 sed

121 297 257 369 uidetis,
278 310 314 357 ut
336 308 474 357 senectus
495 318 555 356 non
578 295 670 356 modo
691 291 858 374 languida,
880 307 971 375 atque

125 381 209 440 iners
229 401 294 443 uon
315 381 352 439 sit
368 382 577 447 verumetiam
591 380 630 439 sit
643 398 779 461 operosa,
801 383 834 437 et
849 398 972 460 semper

122 486 219 544 agens
237 463 383 545 vsttquid,
405 463 443 525 ed
462 463 617 537 moliens,
641 463 700 524 tale
721 461 858 538 scilicet,
881 462 971 545 quale

125 553 278 630 cuiusque
300 547 435 607 studium
459 548 668 629 insuperiore
684 547 744 606 ritu
768 547 834 606 suit.
861 545 971 625 Quid,

125 633 208 712 quod
231 632 323 692 etiam
343 630 502 693 addiscunt
533 632 681 711 aliquid?
713 651 732 689 α
762 643 797 690 ut
830 631 973 691 Solonem

128 716 266 775 uersibus
288 714 463 796 gloriantem
492 715 650 789 videmus,
683 715 736 796 qui
772 735 803 775 se
836 713 973 798 quotidie

123 796 251 880 aliquid
270 798 473 859 addiscentem
495 819 597 860 senem
619 798 684 860 fieri
706 797 802 872 di‹·it‚·
825 801 842 859 b
863 813 897 859 ut
917 820 972 882 ego

128 882 188 942 leni
204 886 224 956 ,'
237 881 290 964 qui
312 881 445 943 Graecas
468 883 569 943 literas
590 906 681 943 sanes
691 881 794 944 didici.
807 885 891 961 Quas
906 883 974 965 qui·

127 966 200 1027 dein
225 966 376 1051 sielavide
397 966 649 1050 arripui,'quasi
682 967 856 1030 diuturnam
891 968 973 1029 sitim
1047 960 1051 969 ⁵

125 1052 251 1134 explere
272 1051 423 1132 cupiens,
444 1065 479 1112 ut
499 1075 534 1112 ea
557 1052 622 1132 ipsa
641 1051 719 1113 mihi
745 1066 816 1113 nota
849 1065 973 1126 esseut,

127 1136 239 1217 quinus
252 1156 300 1193 me
321 1156 401 1195 nunc
416 1135 563 1218 exemplis
579 1137 623 1196 uti
640 1135 754 1196 ridetis.
769 1136 859 1213 Quod
875 1159 974 1218 quum

128 1219 234 1280 iecisse
267 1220 417 1280 &cratem
457 1222 486 1278 in
525 1219 636 1281 fidibus
672 1221 831 1295 audirem,
862 1223 974 1282 vellem

30 1338 33 1345 ,
102 1301 271 1384 ¹equidem
292 1313 324 1360 et
345 1301 423 1363 illud
447 1304 457 1378 (
479 1301 636 1363 discebant
657 1303 739 1364 enim
762 1305 871 1365 idibus
899 1305 975 1366 anti·

130 1388 185 1469 qui
203 1389 223 1464 )
243 1384 296 1446 sed
316 1385 350 1446 in
371 1386 465 1448 literis
486 1399 567 1448 certe
588 1386 753 1450 elaboravi.
800 1442 802 1453 .
829 1448 831 1453 .

171 1575 188 1615 c
210 1550 255 1613 Ne
276 1574 358 1633 nune
375 1554 502 1636 ¹quidem
524 1556 600 1617 vires
620 1554 758 1618 desidero
775 1555 975 1617 adolescentis

130 1636 189 1714 (is
207 1638 397 1701 enimloeus
418 1652 483 1703 erat
504 1641 580 1702 alter
602 1642 641 1723 de
671 1642 749 1702 vitiis
781 1641 974 1716 senectutis)

126 1743 188 1785 non
212 1720 279 1804 plus
296 1758 311 1797 ‚·
327 1745 418 1806 quam
434 1724 721 1801 adolescentem,
745 1741 799 1788 aut
821 1723 975 1808 elephanti

127 1804 352 1881 desiderabam.
376 1808 464 1883 Quod
489 1824 551 1883 est,
574 1834 612 1871 eo
633 1813 678 1872 uti
701 1812 815 1886 deeet3
835 1824 868 1871 et
888 1808 976 1891 quid·

128 1888 204 1974 quid
225 1910 306 1971 agas,
329 1912 419 1970 agere
440 1914 496 1974 pro
518 1893 642 1956 viribus.
662 1895 687 1954 d
706 1890 793 1973 Quae
814 1899 894 1956 enim
919 1915 976 1955 vox

126 1984 232 2057 potest
253 1993 317 2032 esse
338 1976 540 2053 contemtior,
562 2001 653 2059 quam
676 1979 798 2040 Milonis
819 1978 977 2039 Crotonia-
1051 1976 1053 1986 '

128 2056 202 2121 rae?
225 2055 396 2138 quiquam
420 2060 479 2119 iam
501 2082 593 2122 senex
613 2076 711 2140 esset,
734 2065 923 2145 athletasque
946 2057 977 2124 se

129 2142 167 2202 in
188 2139 343 2202 curriculo
364 2156 539 2228 eseroentes
560 2146 684 2221 rideret,
707 2150 857 2232 aspexisse
880 2150 975 2208 lacer·

131 2236 179 2288 tos
200 2245 269 2287 suos
290 2225 429 2309 dicitur,
451 2228 699 2315 illacrymansque
716 2234 862 2296 dixisse:
886 2243 918 2292 at
945 2231 978 2294 lri

91 2670 97 2673 .
134 2650 153 2685 a
170 2619 278 2685 solonis
295 2615 574 2701 versus‚'7npr'tctto
595 2615 627 2679 di
648 2616 695 2679 atet
717 2619 803 2681 troili&
833 2614 978 2680 didacti-

243 2710 285 2751 l'05

72 2814 77 2821 .
134 2767 151 2819 b
169 2710 241 2888 Caltded
255 2786 335 2823 senex
352 2770 469 2825 Graecas
486 2775 576 2826 literas
596 2775 712 2841 didicit,
738 2793 806 2844 quas
830 2791 898 2843 puer
915 2789 979 2824 oon·

129 2920 150 2954 c
168 2847 474 2974 Seoumnderiaiituperatio
492 2911 645 2962 senectutis.
666 2910 837 2963 Senectutem
856 2908 908 2958 hon
925 2906 978 2958 mi·

203 2990 288 3025 seram
306 2991 361 3026 non
378 2992 433 3026 esse
448 3016 455 3040 ‚
474 2979 548 3047 quod
564 2995 664 3048 eorpus
682 2978 819 3030 infirmnm
839 2974 938 3027 reddat.

136 3038 157 3091 d
171 3038 283 3101 Milonis
302 3043 479 3114 querimonia.
