2359 3567
365 163 498 216 rasuras,
520 161 567 202 sur
588 160 626 200 ne
647 158 726 201 turc.
863 161 923 200 aar

90 225 92 229 ’
127 241 159 290 et
181 224 271 309 magis
292 248 310 285 a
332 239 437 289 natura
459 226 522 309 ipsa
543 225 675 308 prolecta
690 223 749 283 alia
770 241 872 293 caussa
884 235 970 285 esset.

127 315 223 373 Amor
246 309 325 370 enim
348 314 414 385 (ex
437 330 497 392 qno
519 309 653 389 amicitia
682 305 859 385 nominata)
883 307 968 389 prin-

128 416 198 476 eeps
219 409 265 455 est
285 391 323 453 ad
347 393 589 453 benevolentiam
612 388 872 471 coniungendam„
895 389 972 451 Nam
1020 382 1036 425 ⁴¹

128 477 272 545 utilitates
294 474 416 558 quidem
431 476 521 535 etiam
536 476 575 536 ab
596 475 632 535 iis
667 475 853 557 ercipiuntur
867 484 971 557 saepe,

53 562 55 567 ’
129 562 188 642 qui
205 559 393 623 simulatione
422 559 569 619 amicitiae
604 498 769 634 colirntur,
798 569 830 617 et
865 557 970 617 obser·
1040 572 1044 577 “

129 657 239 706 vantur
259 665 360 706 caussa
383 643 533 725 temporis.
557 644 594 703 ln
616 642 743 703 amicitia
767 653 867 702 autem
895 641 973 702 nihil

130 727 255 802 fiotum,
281 727 357 788 nibil
392 727 588 799 simulatum3
624 725 837 808 et·quidquid
869 724 899 785 in
937 748 973 785 ea

130 824 197 885 est,
220 806 252 872 id
274 824 318 872 est
341 832 463 885 rerum,
480 822 511 870 et
523 809 737 872 voluntarium.
748 833 767 870 a
780 811 974 891 Quapropter

130 918 148 954 a
172 909 278 957 nature
301 894 374 954 milri
395 893 512 955 ridetur
533 894 632 977 polius
654 916 744 976 quam
757 895 796 955 ab
808 894 973 975 indigentia

131 991 196 1039 orta
218 979 369 1052 amicitia3
394 989 424 1038 et
445 978 645 1060 applicatione
666 978 870 1058 magisanimi
902 1001 973 1039 cum

130 1062 264 1144 quodam
285 1084 372 1127 sensu
395 1062 531 1137 amandi,
554 1085 645 1143 quam
660 1054 858 1143 cogitatione,
874 1084 972 1144 quan·

75 1177 82 1189 ·
131 1159 195 1210 turn
217 1146 269 1206 illa
291 1168 337 1213 res
359 1146 495 1207 utilitatis
517 1160 593 1207 esset
614 1146 766 1207 habitura.
790 1146 880 1223 Quod
903 1146 977 1228 quiae

131 1230 200 1289 dem
222 1231 313 1312 quale
335 1232 373 1290 sit
382 1232 401 1303 ‚‘
413 1230 503 1289 etiam
524 1230 557 1289 iu
578 1230 682 1303 bestiis
703 1229 883 1311 quibusdam
907 1230 974 1289 ani·

130 1313 276 1374 madverti
299 1326 423 1396 potest3·
443 1336 521 1396 quae
542 1336 582 1373 ex
615 1338 647 1375 se
680 1329 764 1375 natos
796 1313 839 1375 ita
872 1320 976 1376 amant

130 1395 170 1456 ad
193 1397 344 1478 quoddam
367 1410 505 1479 tempus,
529 1410 559 1457 et
592 1398 631 1457 ab
661 1397 704 1459 eis
736 1399 778 1457 ita
812 1411 974 1473 amantur,
1034 1413 1038 1419 ’

131 1493 167 1539 ut
187 1480 275 1541 sarilo
297 1503 401 1553 earum
428 1494 572 1564 appareat
606 1490 722 1542 sensus
745 1468 845 1560 Quod*
868 1483 899 1542 in
921 1482 976 1542 ho·

131 1565 213 1641 mine
221 1565 319 1625 multo
331 1578 376 1625 est
387 1565 569 1641 evidentius;
585 1568 714 1647 primum
727 1588 765 1625 ex
779 1588 814 1626 ea
827 1567 950 1627 caritate
963 1612 974 1641 ,

131 1659 277 1730 quae·est
298 1650 376 1710 inter
398 1662 483 1708 natos
504 1662 533 1710 et
568 1662 727 1731 parentes,
762 1671 838 1731 quae
873 1649 975 1711 dirimi

131 1732 190 1793 nisi
212 1732 380 1794 detestabili
403 1733 512 1794 scelere
535 1756 596 1794 non
617 1746 735 1817 potest:
755 1733 864 1795 deinde
880 1757 975 1815 quum

87 1886 90 1893 p
131 1815 236 1879 similis
256 1840 359 1878 sensus
380 1818 492 1878 exstitit
520 1819 649 1893 amoris,
672 1818 696 1879 si
726 1816 859 1900 aliquem
894 1819 975 1879 naeti

103 1934 107 1943 ‚
132 1921 255 1977 sumus,
276 1904 361 1961 onius
382 1923 450 1961 eum
472 1902 631 1979 moribus,
653 1915 684 1962 et
704 1915 811 1962 natura
830 1924 975 1983 congrua·

134 2005 226 2061 mna,
250 1983 331 2066 quod
354 1986 385 2047 in
407 1999 448 2045 eo'
466 1986 554 2066 quasi
572 1986 674 2046 lumen
692 1985 835 2067 ,aliquod
868 1985 973 2068 probi-

132 2067 225 2140 tatis,
247 2080 278 2127 et
299 2068 414 2129 virtutis
449 2070 615 2151 perspicere
644 2068 808 2130 videamur.
841 2070 859 2129 b
891 2068 975 2133 Nihit

132 2151 178 2217 est
199 2152 281 2211 enim
314 2151 472 2212 amabilius
499 2154 639 2229 ¹virtute,
666 2152 742 2213 nihil
765 2152 854 2236 ‘quod
884 2155 976 2236 magis

132 2234 247 2294 alliciet
277 2233 314 2294 ad
353 2234 540 2319 diligendum
566 2261 574 2297 ε
620 2238 732 2319 quippe
769 2259 864 2319 quum
899 2262 973 2321 pro·

132 2330 201 2400 pter
232 2318 434 2380 virtutem-et
465 2319 643 2401 probitatem
677 2342 727 2381 eos
759 2324 875 2398 etiam,
899 2345 976 2404 quos

61 2397 66 2404 ’
135 2422 290 2482 nunquam
308 2403 449 2473 vidimus,
465 2406 595 2484 quodam
608 2405 696 2465 modo
718 2404 883 2487 diligamus.
897 2408 974 2483 Quis

133 2497 200 2561 est,
221 2486 273 2566 qui
293 2485 328 2547 C.
350 2485 504 2565 Fabricii,
527 2488 569 2549 M.
583 2488 666 2549 Curii
687 2510 746 2549 non
762 2512 831 2550 eum
852 2491 974 2552 caritate

50 2586 54 2591 “
136 2567 239 2649 aliqua
270 2567 479 2633 benevolentia
512 2573 686 2634 memoriam
725 2586 865 2656 usurpet,
898 2596 974 2655 quos

134 2817 154 2865 o
170 2799 277 2864 Amor,
294 2819 398 2870 exque
415 2803 555 2871 amicitia,
573 2825 589 2857 a
604 2813 700 2860 natura
717 2805 825 2875 potius,
843 2822 921 2877 quam
939 2809 973 2858 ab

167 2868 223 2917 indi
242 2869 311 2920 entia
329 2870 424 2920 oritur.

134 2886 243 2987 tuitii
260 2935 399 2988 amabilius
417 2937 533 3005 virtute,
552 2940 641 3007 nihil,
664 2941 738 3009 quod
766 2941 852 3011 magis
875 2937 973 2992 alliciat

166 3001 286 3056 homines
304 3004 338 3056 ad
355 3001 525 3075 diligendum.
818 3016 820 3020 '
