2359 3567
209 68 277 134 uia
318 87 326 97 ’
397 92 430 133 u.
453 95 482 135 r.
504 93 605 134 arena.
628 94 665 134 nn
687 94 784 136 oure,

95 153 101 156 ⁴
171 153 289 231 heaut,
329 155 528 236 dubitandum
561 179 621 220 non
664 171 729 235 est,
765 156 840 241 quin
861 181 1029 243 nunquam„

161 242 263 323 ‘possit
284 241 396 301 utilitas
418 264 486 303 cum
509 241 664 302 honestate
693 242 885 305 contendere.
909 245 1042 328 ltaque.

171 324 339 407 accepimus
361 325 513 390 Socratem
548 326 668 387 solitum
700 328 853 390 execrari.
873 350 942 390 eum
965 333 1019 413 qui

170 410 302 491 primum
338 410 410 470 haec
444 405 780 488 naturaeohaerentia,
809 411 951 494 opinione
973 415 1020 477 di·
1102 426 1105 430 ’

170 495 331 554 struxisset.
365 492 422 554 Cui
456 493 576 577 quidem
599 495 640 555 ita
675 507 744 555 sunt
770 495 861 556 Stoici
882 500 1018 578 assensi,

170 590 221 654 ut,
245 577 393 661 quidquid
416 577 573 639 honestum
596 577 697 655 esset,
721 578 751 639 id
769 578 843 639 utile
865 580 927 641 esse
948 604 1019 642 ceu-

169 677 293 738 serent,
318 685 373 722 nec
395 662 470 723 utile
501 661 689 745 quidquam,
722 663 805 745 quod
838 686 899 724 non
921 667 1017 727 hone·

163 752 257 807 stum.
291 746 380 824 Quod
416 746 453 806 si'
474 749 497 807 is
532 750 609 808 esset
631 747 815 823 Panaetius,
852 750 905 830 qui
927 752 1020 812 virtu·

171 843 230 892 tem
252 845 412 914 propterea
433 831 589 893 colendam
618 831 753 908 diceret,
785 833 866 913 quod
895 857 931 899 ea
952 836 1017 896 effi·

169 916 411 995 eiens‚utilitatis
432 930 529 977 esset:
565 930 599 978 ut
620 916 642 976 ii
663 962 672 993 ,
694 917 748 998 qui
770 933 815 976 res
837 918 1019 999 expetendas

169 1000 216 1059 rel
238 1000 414 1083 voluptate,
437 1001 482 1060 rei
505 1000 674 1061 indolentia
695 1004 881 1076 metiuntur3
913 1003 1021 1067 liceret

170 1085 199 1144 ei
222 1084 345 1161 dicere,
371 1085 532 1147 utilitatem
563 1084 729 1168 aliquando
762 1106 830 1145 curn
860 1086 1019 1151 honestate

169 1176 313 1251 pugnare.
335 1170 393 1230 Sed
417 1192 510 1252 quum
533 1169 569 1228 sit
592 1170 615 1229 is
630 1162 649 1246 ,ἱ
662 1169 716 1252 qui·
735 1168 766 1227 id
788 1171 1021 1232 solumbonum

123 1257 135 1270 ⁸
167 1254 299 1331 iudicet,
324 1254 405 1340 quod
434 1257 592 1316 honesturn
619 1255 679 1327 sit3
714 1275 794 1334 quae
817 1267 924 1315 'autern
948 1257 1021 1317 huie

167 1354 337 1422 repugnent
358 1339 456 1423 specie
478 1341 609 1421 quadam
625 1338 783 1413 utilitatis,
803 1361 907 1399 eorum
919 1361 1020 1422 neque

169 1426 334 1487 accessione
357 1425 513 1486 meliorem
535 1427 627 1486 vitam
648 1423 734 1499 fieri',
769 1446 824 1482 nec
847 1423 1020 1484 decessione

168 1510 316 1593 peiorem,
333 1533 401 1572 non
425 1502 541 1571 ridetur
563 1506 709 1568 eiusmodi
732 1506 870 1568 debuisse
898 1508 1018 1569 delibe-

167 1595 315 1655 rationem
337 1596 549 1670 introducere,
565 1595 606 1653 ,in
628 1615 714 1676 qua,
737 1591 820 1674 quod
844 1591 917 1653 utile
939 1593 1021 1653 ride-

167 1692 269 1756 retur,
287 1702 354 1740 eum
371 1702 425 1757 eo,
442 1679 523 1761 quod
540 1679 702 1739 honestum
710 1688 770 1750 est,
786 1692 1018 1760 compararetur.

89 1812 91 1817 .
168 1762 395 1847 Etenim-quod
424 1786 572 1825 summum
594 1764 748 1823 bonnm-a
769 1761 874 1821 Stoicis
888 1760 1020 1834 dicitur,

135 1866 141 1873 ’
168 1849 378 1910 convenienter
395 1862 524 1910 naturae
545 1849 666 1922 rivere,
690 1845 723 1907 id
745 1845 839 1906 hahet
861 1846 964 1922 hane,
986 1858 1021 1905 ut

168 1935 298 2017 opinor,
320 1935 515 2010 sententiam,
539 1954 608 1994 eum
629 1932 751 1991 virtute'
760 1951 923 2011 congruere
938 1952 1017 1989 sem·

113 2053 115 2059 ·
168 2039 244 2102 per,
268 2032 384 2081 caetera
408 2033 507 2081 eutem
530 2041 608 2101 quae
631 2016 952 2076 secundumnaturaur
974 2037 1022 2074 es-
1062 2083 1077 2091 Ι,

138 2146 144 2162 i
168 2107 256 2179 seut,
279 2104 321 2164 ita
342 2127 362 2165 α
384 2102 576 2186 legeresiea
592 2100 717 2173 virtuti,
734 2124 794 2161 non
806 2111 1017 2183 repugnarent.

168 2187 258 2266 Quod
282 2211 375 2271 quum
397 2190 439 2249 ite
460 2189 515 2263 sit,
539 2199 646 2270 putant
668 2185 815 2268 quidam,
839 2186 916 2245 hanc
937 2205 1021 2243 com-

168 2272 356 2356 parationem
379 2296 439 2334 non
462 2286 544 2334 reete
564 2270 788 2345 introductam,
813 2290 868 2328 nee
895 2268 1021 2327 omnino

169 2355 207 2416 de
229 2380 264 2417 eo
293 2379 400 2439 genere
429 2357 601 2440 quidquam
613 2353 855 2438 praecipiendum
877 2351 977 2411 fuisse.
1000 2352 1021 2411 b

168 2442 271 2523 Atque
293 2439 371 2502 ittud
393 2442 517 2524 quidem
551 2438 731 2514 honesturn,
755 2437 836 2520 quod
869 2435 1018 2519 proprie,

169 2547 298 2611 vereque
311 2524 422 2587 dicitur
437 2572 446 2604 ,
461 2526 493 2586 id
508 2529 542 2590 in
557 2523 798 2611 sapientibusest
809 2519 904 2600 solist,
917 2541 1018 2606 neque

169 2846 186 2878 a
204 2830 305 2897 tegere
322 2823 513 2896 presumere,
531 2829 574 2881 vel
589 2825 719 2896 deligere.
835 2890 841 2900 Ι
923 2887 929 2898 ·
987 2887 993 2899 Ι

166 2895 184 2946 d
203 2896 273 2952 Vera
291 2897 376 2948 virtus
394 2898 424 2946 in
443 2914 499 2948 uno
515 2897 642 2965 sapiente:
657 2893 800 2948 simulacra
818 2905 876 2942 erus
893 2895 1017 2944 eninm
1073 2930 1076 2933 -

151 3008 154 3012 Δ
237 2964 427 3021 mediocribus·
