2359 3567
259 145 319 208 cto
486 144 489 149 '
509 150 540 194 tt.
559 154 590 194 a.
611 154 759 197 cmmorus

215 217 334 281 mittere
355 236 385 273 se
407 212 562 277 debentia
585 220 730 296 amicitia3
747 222 789 281 sic
812 220 944 302 quodam
965 218 1059 287 mort·

215 299 370 360 inferiores
391 301 545 386 extoliere.
569 302 646 363 Sunt
666 306 747 362 enim
769 305 911 386 quidam,
926 310 979 389 qui
995 325 1060 368 mo·

194 380 303 467 ‚totas
326 383 470 457 amicitias
493 384 626 461 faciunt,
648 409 741 467 quum
764 389 821 470 ipsi
843 412 873 448 se
904 395 1058 453 contemni

214 480 345 551 putante
369 466 451 548 quod
474 492 534 529 nou
555 469 618 529 iere
639 473 811 552 contingit,
834 474 891 532 nisi
917 475 980 549 iis,
1003 474 1059 556 qui

216 551 305 611 ctiam
334 554 570 613 contemnendos
605 575 634 614 se
667 555 877 631 arbitrantur3
913 560 966 640 qui
1000 559 1058 620 bac

215 635 383 717 opinione,
405 657 464 695 nou
488 638 576 696 modo
601 637 720 714 verbis,
753 639 805 699 sed
823 640 929 707 tetiam
961 663 1059 721 opere

215 716 334 779 levandi
355 733 434 781 sunt.
456 719 589 781 Tantum
610 732 711 781 autem
730 723 842 805 cuique
862 723 1058 784 tribuendum

214 802 346 885 primum
359 851 368 880 ,
383 812 540 884 'quantum
562 806 624 887 ipse
645 806 760 866 efficere
784 806 909 887 possis}
947 806 1059 867 deinde

216 886 304 967 ctiam
320 901 466 968 quantum
479 888 531 948 itte
544 890 560 964 ,'
576 909 667 969 quem
682 883 787 969 diligas
801 903 894 971 atque
909 889 1056 966 adiuves,

215 970 372 1030 sustinere.
395 970 460 1030 Nou
481 972 561 1033 enim
585 987 617 1031 tu
638 974 748 1054 possis,
771 974 964 1055 quantumvis
986 972 1060 1034 licet

215 1053 367 1129 excellas,
400 1076 503 1121 omnes
536 1068 603 1117 tuos
636 1056 675 1116 ad
707 1057 836 1116 honores
865 1057 1061 1140 amplissimos

213 1137 396 1225 produceret
419 1161 438 1198 a
461 1153 494 1199 ut
515 1140 617 1222 Scipio
637 1141 673 1201 P.
697 1138 844 1200 Rutilium
865 1144 966 1222 potuit
987 1164 1059 1201 con·

216 1222 315 1283 sulem
329 1222 475 1295 efficere,
491 1222 615 1283 fratrem
629 1224 692 1283 eius
714 1222 841 1283 Lucium
864 1245 925 1285 nou
948 1227 1062 1307 potuit.

215 1306 305 1382 Quod
327 1307 351 1366 si
373 1298 463 1367 ctiam
485 1309 577 1388 possis
599 1303 719 1388 quidvis
735 1307 856 1368 deietre
871 1308 909 1367 ad
930 1310 1061 1385 aiterum

140 1460 142 1467 Α
215 1390 378 1451 videndum
398 1404 444 1450 est
466 1402 589 1467 tamen,
611 1391 759 1472 quidille
779 1389 871 1473 possit
892 1393 1059 1469 «sustinere.
1142 1389 1148 1400 ’

217 1473 386 1537 bOmnino
408 1474 578 1550 amicitiae,
613 1475 811 1536 corroboratis
842 1477 927 1551 iam,
955 1478 1062 1537 coufir-

216 1560 365 1641 matisque
386 1572 417 1619 et
449 1558 599 1639 ingeniis,
622 1572 653 1618 et
686 1559 860 1635 aetatibus3
882 1558 1062 1621 iudicandae

217 1654 297 1703 sunt.
320 1642 404 1718 Nec,
427 1641 450 1702 si
495 1646 548 1715 ui3
570 1645 693 1735 ipcunte
715 1656 831 1719 aetate,
849 1643 993 1721 venandi,
1008 1657 1062 1706 aut

216 1724 297 1806 pilae
326 1727 448 1788 studiosi
473 1665 616 1802 inerint,
650 1750 700 1788 eos
733 1726 845 1788 babere
879 1729 1060 1789 necessarios

215 1824 359 1890 oportet,
381 1833 457 1893 quos
479 1823 543 1873 tum
564 1812 671 1874 eodem
693 1812 791 1872 studio
813 1812 964 1896 praeditos
986 1812 1060 1883 diie-
1107 1824 1127 1832 “

119 1918 123 1923 ’
217 1908 336 1956 xerunt.
361 1897 421 1956 Isto
442 1896 521 1957 enim
551 1896 641 1958 modo
671 1898 825 1969 nutrices,
854 1896 894 1956 ct¹
916 1895 1060 1978 pedagogi
1094 1906 1096 1913 '

215 1976 282 2037 iure
307 1982 457 2040 vetustatis
475 1980 640 2063 plurimum
663 1980 890 2041 benevolentiae
928 1981 1060 2063 postola-

217 2059 314 2125 buut:
344 2067 396 2144 qui
427 2065 595 2146 negligendi
628 2059 844 2146 quidem'non
879 2076 974 2138 sunt,
1006 2065 1058 2124 sed

217 2144 277 2203 aiio
299 2146 428 2228 quodam
451 2150 549 2213 modo.
567 2149 669 2212 Aliter
683 2149 763 2210 edim
776 2149 922 2209 amicitiae
941 2148 1058 2207 stabiles

217 2250 394 2312 permanere
423 2256 484 2295 uon
520 2246 652 2317 possunt.
682 2234 822 2315 Dispares
850 2235 930 2291 cuim
952 2238 1059 2292 'mores

216 2311 348 2394 disparia
370 2317 468 2378 studia
490 2331 678 2399 sequuntur3
701 2340 830 2399 quorum
849 2314 1058 2376 dissimilitudo

218 2396 357 2460 dissociat
378 2401 533 2462 amicitias.
557 2402 618 2463 Nec
639 2400 678 2462 ob
697 2403 788 2465 attam
811 2422 942 2460 caussam
965 2400 1057 2460 ullam

217 2482 291 2543 boni
314 2484 479 2567 improbis,
508 2484 637 2569 improbi
665 2478 753 2545 bonis
779 2485 867 2544 amici
898 2506 966 2543 esse
997 2495 1054 2543 non

218 2582 365 2648 possunt3
390 2569 444 2632 nisi
467 2570 548 2650 quod
572 2583 652 2630 tanta
674 2582 719 2630 est
738 2569 819 2629 inter
850 2591 922 2644 eos,
945 2582 1057 2648 quanta

217 2654 349 2712 maxima
371 2667 469 2736 potest
490 2676 574 2728 esse,
598 2676 739 2730 morum,
762 2652 989 2733 studiorumque
1009 2651 1054 2710 di·

217 2737 339 2816 stantia.
375 2737 467 2798 Recte
495 2738 584 2797 etiam
619 2738 751 2821 praecipi
779 2749 876 2819 potest
907 2737 938 2795 in
959 2735 1057 2795 amici·

220 2820 298 2896 tiis,
334 2844 371 2880 ne
409 2823 605 2903 intemperata
638 2821 787 2903 quaedam
822 2818 1056 2894 benevolentia,

219 2955 236 2986 α
255 2937 347 3015 Scipio
365 2938 496 2989 Rutilium
513 2939 649 2989 consulem
667 2939 739 2989 fecit.

220 3003 236 3051 t
254 3003 395 3058 Amrcrtiae
413 3012 495 3057 aetate
512 3015 637 3073 provecta
654 3005 813 3060 iudicandae
832 3009 900 3055 suut:
