2359 3567
451 240 510 287 ur.
531 238 554 283 r.
576 238 641 283 etr.
663 236 718 281 ιιι.
909 221 962 285 131

160 311 285 398 poribus
303 308 493 384 amentia,
515 320 547 367 et
569 318 633 368 tum
653 307 718 389 ipsa
739 316 770 367 et
791 304 830 367 ad
853 302 1009 383 facultates

160 393 439 473 accommodanda,
462 405 493 454 et
514 390 722 454 mediocritate
743 390 928 455 moderanda
943 406 1005 456 est·

389 631 392 637 ¹
436 559 620 624 CAPVT
658 559 732 623 ΧΠ.

226 731 353 796 Privata
375 728 563 803 liberalitas,
583 727 733 874 inalpino,
754 742 784 791 et
805 742 953 814 quatenus

440 838 444 847 ·
494 836 606 876 exerce
671 859 679 877 .

203 984 241 1047 ln
261 984 317 1045 illo
338 995 439 1044 autem
460 982 555 1044 altero
578 1004 686 1065 genere
719 985 891 1066 largiendi,
926 986 1009 1073 quod

158 1068 379 1134 aliberalitate
413 1067 637 1150 proficiscitur,
671 1091 733 1130 non
766 1092 827 1130 uno
860 1071 951 1135 modo
976 1073 1037 1133 in·

160 1154 330 1238 disparibus
364 1154 474 1213 caussis
509 1152 612 1225 affecti
647 1175 710 1214 esse
746 1153 900 1217 debemus.
937 1155 1009 1219 Alia

158 1261 261 1301 caussa
283 1251 329 1301 est
350 1237 433 1314 eius,
449 1238 502 1320 qni
524 1235 695 1304 calamitate
717 1241 881 1320 premitur,
901 1241 1009 1302 eteius

159 1325 212 1408 qni
235 1347 283 1386 res
304 1322 451 1404 melioresx
465 1322 607 1406 quaerit,
630 1322 723 1383 nullis
745 1323 804 1383 suis
829 1324 918 1383 rebus
952 1324 1008 1386 ad·

73 1455 76 1459 ·
158 1412 259 1472 versis.
280 1431 299 1469 a
322 1409 504 1490 Propensior
536 1406 705 1488 benignitas
729 1428 802 1466 ,esse
834 1407 956 1469 debebit
976 1410 1009 1470 in
1055 1409 1058 1413 ’

158 1491 439 1567 calamitosos‚uisi
460 1491 537 1557 forte
558 1504 649 1552 erunt
671 1491 752 1574 digni
777 1489 955 1556 calamitate.
973 1495 1008 1556 ln

157 1578 193 1639 iis
217 1593 340 1656 tamen,
363 1570 469 1660 qui‘se
491 1575 629 1637 adiuvari
652 1579 775 1653 volent,
804 1599 865 1638 uon
901 1592 935 1639 nt
969 1592 1008 1640 ne

157 1664 355 1746 affligantur,
378 1660 431 1722 sed
453 1673 487 1724 ut
506 1661 646 1737 altiorem
669 1661 795 1744 gradum
823 1664 1006 1741 ascendant,

79 1813 83 1820 ,
157 1751 288 1810 restricti
309 1746 434 1808 omnino
456 1768 518 1807 esse
540 1745 625 1806 nullo
648 1746 738 1809 modo
760 1746 924 1823 debemus3
956 1749 1007 1809 sed

156 1831 189 1892 in
212 1831 382 1916 deligendis
403 1829 517 1892 idoneis
545 1829 723 1909 iudicium,
758 1828 792 1893 et
821 1832 1008 1916 diligentiam

156 1915 326 1995 adhibere,
349 1938 424 1984 nam
441 1916 594 1998 praeclare
615 1914 752 1977 Enniusz

199 2002 221 2062 b
245 2001 413 2085 Benefacta
435 2000 515 2061 male
536 2000 636 2061 locato
647 2047 658 2076 ,
680 2001 844 2084 malefacte
865 2001 1007 2067 arbitror.

157 2084 250 2165 Quod
272 2099 374 2147 autem
397 2085 545 2147 tributum
565 2097 612 2146 est
631 2084 713 2146 bono
736 2087 826 2163 viru,
850 2100 881 2147 et
901 2100 1006 2170 grato,
1057 2129 1063 2141 ·

157 2170 188 2230 in
213 2193 272 2245 eo,
295 2193 363 2233 cum
386 2193 423 2231 ex
445 2168 508 2252 ipso
531 2168 644 2230 fructus
664 2183 731 2250 est,
755 2183 818 2232 tum
848 2173 939 2233 etiam
968 2184 1007 2236 et

51 2298 55 2307 «
158 2258 276 2318 ceteris.
299 2256 488 2318 Temeritate
508 2256 590 2315 enim
611 2269 750 2335 remota,
773 2258 938 2340 gratissima
961 2271 1007 2321 est

159 2340 348 2416 liberalitas3
371 2361 470 2422 eoque
491 2361 558 2400 eam
580 2339 742 2403 studiosius
764 2342 901 2424 plerique
937 2341 1005 2404 lau·

158 2424 258 2503 dant,
280 2425 363 2508 quod
386 2426 493 2486 summi
514 2425 660 2507 cuiusque
692 2425 812 2488 bouitas
847 2436 1006 2495 commune

157 2509 330 2594 perfugium
351 2509 565 2570 estensium.
588 2508 695 2571 Danda
719 2511 811 2592 igitur
825 2532 916 2595 opera
938 2523 1007 2591 est,
1043 2514 1051 2523 ⁸

6 2598 15 2621 ¹·
104 2608 111 2637 1‘
158 2608 192 2655 ut
207 2595 244 2655 iis
260 2592 411 2655 beneficiis
428 2593 666 2677 quamplurimos
681 2596 861 2671 afficiamus,
875 2617 1006 2679 quorum

7 3120 9 3211 l
94 3174 98 3182 .

157 2681 307 2739 memoria
329 2677 455 2755 liberis,
478 2681 665 2760 posterisque
696 2674 861 2762 prodatur,
896 2692 930 2740 ut
967 2682 1005 2741 iis

157 2764 362 2847 ingratisesse
377 2785 440 2825 non
455 2762 556 2824 liceat.
570 2764 683 2824 Omnes
699 2766 781 2826 enim
798 2766 1006 2855 immemorem
1087 2820 1095 2835 ,,

157 2931 175 2966 ι
191 2914 238 2967 Ad
257 2915 468 2977 succurrendum
484 2914 646 2982 promtiores
662 2931 718 2969 esse
735 2921 860 2985 oportet,
878 2915 1005 2983 quemad

190 2982 353 3035 ornandum.
504 2998 507 3005 ·

157 3046 308 3101 lCarrnen
327 3047 603 3120 denominationibus,
621 3056 648 3103 et
664 3047 862 3104 contrariorum
880 3046 1002 3117 recipro-

189 3117 300 3171 catione
317 3117 543 3191 deeentiesimnm.
649 3162 652 3167 ⁴
706 3186 710 3193 „
775 3156 779 3163 -
891 3144 900 3157 ·
956 3133 970 3149 ⁴·

354 3190 373 3262 t
