2359 3567
167 177 207 241 88
378 197 410 243 rr.
430 199 450 240 r
480 196 617 242 cremus
627 193 720 240 orric.

90 282 92 292 ’
125 263 214 325 utin
238 260 348 323 fidibus
370 259 551 324 musicorum
575 285 662 324 aures
685 260 731 321 vei
745 259 880 334 ,minima
902 277 974 321 seua

74 349 77 354 ⁴
128 348 230 423 tiunt3
254 348 297 407 sic
320 346 373 406 nus
386 393 395 420 ‚
418 349 442 408 si
465 369 575 424 acres,
598 370 633 407 ac
655 345 814 432 diligentes
836 367 900 405 esse
922 368 974 403 ro·

39 455 42 462 ¹
126 429 250 504 lumus‚
273 431 586 513 animadversoresque
610 432 767 504 vitiorum,
784 451 890 510 magua
906 450 974 487 sae·

12 529 14 536 “
118 533 173 596 μ’
188 515 390 598 intelligemus
412 521 451 576 eri
473 518 582 598 parvis.
606 514 652 575 Ex
674 516 831 574 oculorum
855 512 974 584 obtutu,

127 619 167 656 ex
189 597 419 681 superciliorum
449 613 502 659 aut
520 600 735 670 remissione,
766 609 819 656 aut
854 609 974 655 coutra-

127 680 229 741 ctione
250 705 289 742 ex
312 684 469 757 moestitia,
492 706 530 742 ex
553 683 733 757 hilaritate,
755 704 794 744 ex
817 681 901 754 risu,
934 701 975 739 ex

122 763 306 841 locutione,
329 790 367 826 ex
390 768 569 840 reticentia,
592 789 631 827 ex
653 763 948 826 contentione‘rocis
961 808 974 836 ,

128 870 168 908 ex
190 850 408 924 submissione,
431 875 470 911 ex
491 847 603 912 ceteris
622 851 770 910 similibus
800 849 889 908 facile
922 849 973 908 iu·

128 932 322 1009 dicabimus,
346 935 418 1018 quid
441 957 545 995 eorum
568 948 638 1019 apte
661 936 737 1010 fiat,
760 933 833 1016 quid
856 933 895 991 ab
924 932 972 992 os-

128 1015 198 1086 ficio
212 1064 220 1092 ‚
234 1031 412 1100 naturaque
435 1018 596 1101 discrepet.
618 1021 686 1097 Qun
709 1021 741 1078 in
763 1040 873 1099 genere
911 1040 974 1079 uon

120 1105 173 1161 ¹est
195 1102 436 1175 incommodum,
459 1103 570 1184 quale,
594 1104 737 1185 quodque
767 1114 871 1162 eorum
909 1102 974 1177 sit,

128 1207 167 1244 ex
189 1185 255 1245 aliis
277 1187 436 1247 iudicare:
459 1200 515 1262 ut,
538 1187 659 1270 siquid
682 1187 827 1246 dedeceat
848 1186 880 1244 in
892 1184 974 1261 aliis,
994 1260 998 1264 ,
1042 1236 1045 1240 .

127 1270 274 1342 vitemus,
296 1284 327 1331 et
350 1271 405 1353 ipsi
439 1270 489 1331 Fit
511 1274 612 1344 enim,
636 1273 737 1330 nescio
765 1293 826 1352 quo
859 1270 974 1345 modo,

128 1365 162 1412 ut
185 1356 277 1436 magis
299 1357 330 1415 in
353 1355 419 1415 aliis
441 1351 617 1428 cernamus,
640 1377 730 1436 quam
754 1355 783 1414 in
809 1354 974 1424 nobismet·
1020 1415 1023 1419 ,

127 1436 217 1518 ipsis,
239 1439 264 1498 si
287 1438 361 1521 quid
384 1439 583 1521 delinquitur.
608 1439 714 1521 Itaque
737 1438 882 1498 facillime
904 1447 974 1497 cu'r-
1030 1441 1032 1446 ’

128 1522 268 1601 riguntur
291 1524 322 1582 in
345 1522 514 1597 discendo,
551 1546 681 1605 quorum
711 1523 782 1582 vitia
815 1522 976 1583 imitantur

127 1605 312 1666 emendandi
335 1628 436 1665 caussa
459 1605 604 1687 magistri.
635 1605 696 1665 Nec
731 1630 802 1667 reru
839 1606 976 1665 alienum

127 1700 176 1749 est
195 1688 233 1747 ad
255 1711 292 1749 ea
313 1689 475 1771 eligenda,
498 1714 576 1773 quae
593 1690 816 1751 dubitationem
830 1690 976 1765 afferunt,

49 1774 62 1784 ”
127 1770 276 1832 adhibere
298 1772 401 1833 doctos
421 1770 561 1839 ‘homiues
576 1824 587 1850 ,
611 1774 656 1834 rel
680 1767 777 1835 ctiam·
809 1796 866 1844 usu
893 1776 976 1856 peri.-

128 1866 174 1915 tos
186 1902 196 1928 ,
219 1869 274 1930 et,
297 1858 370 1939 quid
393 1858 440 1934 his
462 1858 500 1936 cle
522 1882 709 1942 unoquoque
737 1853 834 1918 'officii
864 1880 976 1939 genere

127 1940 267 2022 placeat,
291 1941 582 2032 exquirere.³Mai0r
615 1947 696 2006 enim
734 1966 803 2026 pars
840 1964 877 2001 eo
909 1943 977 2003 sere

128 2022 240 2084 deferri
263 2026 362 2100 solet,
385 2049 445 2108 quo
468 2050 485 2087 a
508 2041 616 2089 natura
640 2030 704 2111 ipsa
734 2028 918 2104 deducitur:
943 2027 974 2087 iu
1008 2047 1009 2050 ’

80 2179 81 2182 ¹
128 2108 238 2189 quibus
260 2095 422 2170 ridendum
445 2124 491 2171 est
517 2135 576 2172 non
610 2113 725 2186 modo,
748 2111 822 2194 quid
845 2112 976 2194 quisque

41 2219 43 2258 3
113 2193 287 2274 loquatur,
303 2194 362 2254 'sed
384 2195 476 2255 etiam
492 2197 566 2277 quid
582 2199 711 2297 quisque
727 2197 836 2257 sentiat
851 2241 860 2267 ,
883 2209 976 2277 atque

128 2277 244 2358 etiam,
268 2300 327 2359 qua
350 2278 389 2337 dc
403 2301 506 2354 caussa
522 2281 597 2362 quid
618 2304 745 2364 quisque
757 2281 876 2352 sentiat.
898 2302 919 2339 a
934 2278 977 2339 Vt

112 2362 211 2430 venim
234 2362 384 2443 pictores,
407 2375 438 2423 et
459 2364 481 2423 ii
494 2369 504 2436 ‚'
528 2366 580 2446 qui
604 2367 685 2446 signa
711 2365 921 2438 fabricantur,
944 2375 977 2425 et

127 2466 200 2505 vero
222 2446 314 2505 etiam
335 2460 459 2528 poetae,
483 2471 569 2510 suum
593 2452 721 2531 quisque
743 2471 817 2532 opus
839 2470 856 2508 a
888 2449 995 2529 vulgo,

128 2528 314 2589 considerari
337 2533 419 2591 vult:
443 2544 502 2608 ηιξ
520 2535 545 2593 si
568 2535 641 2618 quid
664 2536 881 2616 reprehensum
903 2533 941 2592 sit
956 2554 977 2593 a

129 2613 293 2696 pluribus,
316 2616 348 2692 id
370 2617 562 2698 corrigatur3
601 2617 693 2700 hique
726 2631 757 2678 et
794 2639 915 2690 secum,
937 2629 979 2677 ‘et

129 2719 208 2764 cum,
221 2699 309 2773 aliis,
332 2700 407 2781 quid
429 2702 460 2759 in
484 2724 521 2761 eo
542 2714 699 2784 peccatum
711 2704 770 2774 sit,
793 2700 978 2782 exquirunt3

29 2840 31 2847 ,
129 2783 172 2842 sic
194 2784 322 2844 aliorum
346 2785 460 2846 iudicio
482 2787 632 2868 permulta
649 2788 757 2860 nobis,
780 2800 811 2847 et
823 2784 975 2860 facienda,

131 2881 162 2928 et
183 2889 244 2928 uon
282 2869 445 2948 faciendas
468 2881 499 2930 et
534 2869 702 2942 mutanda,
739 2883 769 2930 e't
796 2867 977 2948 corrigenda

1035 423 1052 446 N

131 3092 150 3129 ι
167 3044 199 3128 Id
216 3072 249 3124 de
265 3071 376 3140 Appetle
393 3047 476 3124 refert
493 3071 614 3141 Plinius,
628 3077 660 3129 ‘et
676 3072 708 3126 de
725 3072 838 3127 marone
863 3074 925 3128 item
935 3070 979 3124 li·
1005 3089 1007 3096 ’

199 3141 262 3193 teris
278 3141 420 3207 proditum.
