2359 3567
244 212 300 273 rts
425 230 806 291 sancrosanctum

196 284 254 358 sari
277 299 313 356 iu·
331 293 449 372 tutelis,
472 298 690 370 societatibus,
716 295 855 372 fiduciis,
877 297 1036 383 mandatis,

194 381 284 440 rebus
306 380 418 454 emtis,
440 381 567 441 venditis
580 427 599 481 t
612 379 791 456 conductis,
814 378 940 463 locatis,
964 387 1035 468 qui-

193 462 249 522 bus
273 465 349 523 ritae
372 470 495 526 societas
517 477 709 524 continetur:
734 464 764 523 in
789 464 835 523 bis
858 470 1036 548 magniesse

194 546 304 607 iudicis
325 559 455 610 statuere
485 552 495 625 (
519 549 698 631 praesertim
713 569 805 630 quum
828 549 857 607 in
881 550 1035 633 plerisq'ue

147 678 149 681 .
193 647 288 690 essent
310 630 421 693 indicia
444 634 620 708 contraria)
643 632 717 714 quid
740 644 891 714 quemque
923 636 1035 717 cuique

116 732 122 753 ²
192 729 347 797 praestare
370 729 536 798 oporteret.
559 718 710 794 Quocirca
733 718 859 776 astutiae
882 720 1036 781 tollendae

192 800 289 877 su'nt‘,
313 820 409 880 eaque
432 802 566 874 malitia,
584 801 667 882 'qnae
690 799 752 859 vult
773 800 826 858 ilia
848 799 971 880 quidem
994 805 1049 864 ri?

138 934 143 946 ,
191 880 255 942 deri
275 898 309 942 se
331 905 392 941 esse
414 886 630 966 prudentiam,
653 885 703 942 sed
726 884 809 941 abest
830 883 868 942 ab
891 906 951 959 ca,
984 885 1033 947 di·

191 977 308 1048 statque
332 967 504 1049 plurimum.
527 968 692 1031 Prudentia
715 968 861 1028 est-enirn
884 966 980 1029 locata
1001 972 1035 1030 in

191 1048 312 1110 delectu
337 1051 507 1127 bonorum,
528 1065 559 1112 et
581 1053 744 1112 malorum:
768 1053 906 1126 malitia,
929 1053 954 1112 si
966 1075 1033 1113 om·

188 1135 264 1206 nia,
288 1156 366 1215 quac
390 1138 489 1217 turpia
513 1150 581 1196 sunt
599 1138 681 1210 ,mala
705 1147 795 1210 sunt,
832 1135 909 1194 mala
944 1136 1033 1197 bonis

189 1219 357 1301 anteponit.
380 1217 441 1278 Nec
465 1242 534 1279 rero
558 1220 589 1279 in
613 1219 751 1301 praediis·
766 1218 861 1281 solum
882 1219 927 1278 ius
943 1220 1034 1282 civile

188 1300 313 1373 ductum
336 1326 351 1365 a
376 1305 481 1363 natura
505 1305 649 1363 malitiam
674 1302 870 1382 fraudemque
887 1304 1035 1381 sindica13

151 1418 155 1425 ¹
188 1385 239 1445 sed
262 1387 352 1446 etiam
375 1409 393 1447 a
416 1389 446 1455 in
469 1389 688 1469 mancipiorum
711 1385 885 1447 ienditione
919 1388 1027 1449 rendi-

191 1481 291 1530 torum
315 1473 396 1531 l'raus
418 1472 514 1531 omnis
537 1470 721 1532 excluditur.
744 1471 806 1547 Qui
841 1469 919 1546 eninr
956 1467 1033 1532 scire

127 1610 129 1617 ,
188 1552 318 1629 debuit,
341 1554 528 1617 desanitate
545 1602 554 1630 ,
573 1555 615 1613 *de
639 1555 731 1634 luga,
754 1555 791 1612 de
816 1552 925 1628 furtis,
948 1569 1034 1636 prae·

189 1649 251 1696 stat
272 1638 370 1698 edicto
393 1639 556 1713 Aedilium.
578 1639 736 1700 Heredum
758 1637 816 1696 alia
851 1659 954 1701 caussa
976 1654 1031 1706 est.

188 1718 245 1791 En
259 1743 323 1802 quo.
343 1722 547 1803 intelligitur,
570 1725 714 1802 quoniam
737 1720 810 1782 iuris
831 1724 938 1782 natura
964 1723 1032 1782 lons

186 1804 248 1881 sit,
271 1808 328 1866 boe
351 1807 515 1866 secundum
537 1820 674 1866 naturam
698 1827 783 1880 csse,
811 1805 967 1883 neminem
1000 1805 1030 1866 id

185 1909 276 1968 agore
289 1934 298 1963 ,
321 1902 356 1948 ut
378 1913 417 1949 ex
438 1883 562 1950 alterius
584 1889 746 1970 praedetur
778 1889 946 1950 inscientia.
968 1889 1030 1950 Nec
1067 1900 1070 1905 ‘

111 1990 131 2001 ⁴·
166 1973 249 2032 'ulla
269 1975 414 2054 pernicies
436 1976 513 2035 vitae
534 1974 630 2055 major
654 1973 777 2032 inveniri
800 1978 913 2054 potest,
937 1995 1029 2054 quam

186 2055 217 2114 in
241 2057 355 2116 malitia
381 2058 531 2118 simulatio
553 2059 799 2139 intelligentiae:
827 2079 864 2116 en
886 2079 947 2141 quo
972 2058 1029 2118 ista

186 2139 418 2207 innumerabilia
441 2146 615 2217 nascuntur,
640 2155 671 2200 ut
695 2143 781 2223 utilia
805 2163 872 2200 cum
896 2141 1028 2203 horestis

21 2220 26 2230 “
105 2276 107 2280 Α
183 2232 317 2302 pugnare
339 2225 505 2286 videantur.
529 2227 648 2304 Quotus
669 2225 748 2284 enirn
778 2231 905 2306 quisque
937 2249 1028 2308 *repe-

184 2305 297 2381 rietur,
320 2310 373 2388 qni
395 2309 573 2390 impunitate
592 2357 601 2383 ,
623 2322 653 2368 et
677 2309 865 2390 ignoratione
891 2314 1026 2370 omnium
1085 2320 1086 2323 ’

168 2394 349 2472 proposita,
362 2387 513 2468 abstinere
534 2393 628 2475 possit
650 2392 776 2475 injuria?
801 2392 1025 2470 Periclitemur,

184 2474 207 2532 si
230 2476 353 2555 placet,
377 2477 407 2536 in
435 2476 471 2534 iis
501 2477 624 2558 quidam
652 2477 815 2560 cxrfmplis,
846 2477 878 2561 in
914 2476 1024 2558 quibus

183 2561 301 2639 peccari
323 2561 429 2644 vulgus
452 2563 608 2623 bominum
631 2560 752 2620 sortasse
774 2584 835 2620 non
857 2573 952 2642 putat.
967 2561 1025 2622 Ne·

100 2646 102 2653 ’
176 2661 243 2724 ‘qne
265 2647 344 2706 eninr
369 2644 569 2721 desicariis,
605 2645 744 2704 veneficis
772 2646 1022 2721 testamentariis,

183 2724 309 2801 iuribus,
332 2729 555 2809 peculatoribus
580 2730 635 2790 boc
658 2730 724 2788 loco
741 2728 944 2790 disserendum
959 2741 1020 2789 est:

183 2812 235 2889 qui
252 2812 311 2872 non
323 2808 420 2873 verbis
432 2827 500 2873 sunt
512 2827 541 2873 et
553 2808 1021 2897 disputanonepbilosophorum,

97 3040 108 3061 s
186 3009 204 3042 α
221 2992 256 3044 In
273 2995 427 3062 mancipiis,
445 2996 515 3053 idest
532 2997 627 3062 servis,
646 3002 694 3048 aut
711 2995 815 3050 ancillis
835 2997 927 3069 quaeri
945 2996 1019 3061 soter,
1085 3020 1094 3038 κ

249 3074 289 3122 an'
301 3078 380 3131 sana,
400 3081 435 3114 aa
452 3064 584 3131 fugitiva,
603 3082 637 3118 an
654 3063 765 3116 furacis.
