2359 3567
224 155 282 217 166
432 175 473 216 ua
486 176 515 215 r.
537 152 629 216 cicae.
650 176 687 215 oa
708 167 819 233 orric,

178 235 418 323 responderint,
441 260 497 315 se,
517 238 699 321 impunitate
731 236 902 323 proposita,
925 239 1028 301 laetu-
1089 275 1095 292 ι

179 345 251 397 ros,
274 321 357 405 quod
378 322 537 405 expediat,
560 322 739 383 facinorosos
765 345 795 383 se
825 344 886 382 esse
909 322 1027 385 latean-

180 419 251 482 tur,
286 412 310 468 si
340 422 469 489 negent,
505 408 606 468 omnia
644 407 743 488 turpia
764 430 819 491 per
839 407 953 489 seipsa
976 407 1027 467 lu·
1093 459 1108 464 ..

180 491 288 574 gienda
309 512 371 571 esse
392 491 566 552 concedant.
601 491 661 551 Sod
685 492 743 551 iam
777 491 814 552 ad
837 492 1028 575 propositum

181 590 374 655 revertamur.
398 576 540 638 incidunt
554 597 644 659 saepe
656 575 771 636 multae
785 595 923 652 caussae,
946 598 1031 658 quae
1093 647 1095 649 ¹

182 660 364 722 conturbent
385 661 498 722 animos
520 659 660 727 utilitatis,
689 659 812 743 speeie,
846 682 906 719 non
930 681 1031 740 quum

182 744 253 805 bocx
271 743 478 820 deliberatum
514 740 712 827 relinquenda
747 765 786 804 ue
818 743 855 804 sit
889 745 1033 804 honestas
1078 766 1088 781 ²

183 840 306 910 propter
327 828 465 890 utilitatis
486 829 751 912 magnitudinem(
767 851 837 888 nam
858 826 889 888 id
904 828 1034 909 quidem

182 909 354 995 improbum
376 917 446 991 est)
473 913 531 974 'sed
561 913 661 975 illud:
684 913 777 995 possit
811 935 850 972 ne
872 912 922 987 id,
945 912 1035 994 quod

184 997 259 1056 utile
280 994 517 1071 rideatur,'lieri
541 1020 602 1058 non
625 997 761 1080 turpiter,
783 997 926 1075 ‹r'Quum
954 995 1035 1055 Col·

183 1080 277 1142 latino
300 1079 432 1163 collegae
454 1081 565 1142 Brutus
587 1081 745 1164 imperium
767 1081 949 1163 abrogabat,
971 1102 1035 1162 po-
1127 1077 1130 1080 ⁴

170 1172 262 1225 'terat
284 1160 399 1242 videri,
423 1164 532 1227 lacere·
552 1166 583 1226 id
616 1166 747 1227 iniuste:
777 1164 875 1228 luerat
895 1164 975 1224 enim
997 1163 1038 1224 in

183 1248 306 1331 regibus
333 1248 522 1332 expellendis
554 1250 651 1310 socius
689 1250 797 1327 Bruti,
832 1248 1038 1314 consiliorum

184 1335 276 1395 etiam
298 1332 432 1396 adiutor:
456 1356 550 1416 quum
572 1347 672 1395 autem
692 1334 849 1395 eonsilium
873 1334 932 1393 boe
950 1333 1041 1414 prin-

150 1432 152 1435 ’
185 1417 265 1501 cipes
285 1418 471 1502 coepissent,
494 1421 703 1503 cognationem
730 1417 883 1502 Superbi,
906 1438 1039 1475 nomen-

186 1522 247 1586 que
267 1502 519 1587 Tarquiniorum,
536 1517 572 1564 et
595 1504 767 1565 memoriam
784 1503 867 1585 regui
887 1523 950 1560 esse
973 1501 1040 1561 tol·

187 1585 331 1664 leudam}
356 1588 438 1671 quod
460 1599 526 1649 erat
546 1588 646 1664 utile,
667 1587 782 1672 patriae
804 1587 961 1648 consulere
976 1632 985 1663 ,
1000 1586 1041 1647 id
1066 1638 1069 1643 .

186 1664 252 1732 erat
274 1669 315 1730 lta
338 1671 516 1750 honestum,
540 1687 574 1733 ut
595 1667 693 1733 etiam
721 1672 778 1756 ipsi
799 1671 950 1734 Collatino
971 1670 1044 1752 pla·

187 1775 255 1817 aere
275 1753 410 1820 deberet.
433 1758 539 1840 ltaque
576 1758 691 1817 utilitas
718 1756 813 1817 saluit
833 1767 957 1838 propter
978 1757 1041 1814 bo-

188 1836 360 1916 aestatem,
378 1843 441 1902 sine
463 1863 523 1924 qua
544 1863 582 1903 ne
607 1842 719 1903 utilitas
751 1840 871 1924 quidem
895 1861 957 1899 esse
973 1861 1042 1981 po-

189 1925 301 1986 tuisset.
324 1924 341 1984 b
362 1925 404 1987 At
424 1927 456 1987 in
476 1949 515 1986 eo
547 1946 639 2010 rege,
673 1926 727 2009 qui
756 1926 861 1986 urbem
882 1922 970 1984 condi
995 1923 1041 2001 it,

136 2078 145 2085 ,
189 2008 323 2072 nonita.
344 2009 466 2093 Species
487 2009 568 2071 euim
590 2011 728 2072 utilitatis
762 2011 896 2071 animum
919 2008 1044 2090 pepulit
1112 2062 1119 2073 1

110 2140 117 2159 1
188 2095 276 2156 eiust
297 2094 347 2155 cui
369 2117 462 2178 quum
486 2096 581 2158 risum
603 2102 681 2157 esset
694 2094 816 2166 utilius,
831 2092 927 2154 solum
944 2114 1044 2174 quam

112 2244 113 2248 ,
190 2199 259 2240 cum
283 2178 394 2239 altero.
413 2202 556 2264 regnare,
580 2179 712 2243 ‘fratrem
746 2179 908 2240 interemit.
929 2175 1044 2237 Omisit

135 2298 139 2305 <
188 2261 241 2324 bic
263 2275 294 2321 et
314 2263 482 2344 pietatem,
503 2278 535 2326 et
557 2266 800 2342 humanitatem,
821 2275 856 2323 ut
877 2261 930 2339 id,
953 2262 1043 2342 quod

191 2347 266 2411 utile
287 2346 455 2425 videbatur,
469 2372 567 2433 neque
589 2348 919 2432 erat,assequiposset:
942 2359 972 2405 et
995 2358 1044 2406 ta-

193 2433 363 2503 menmuri
375 2456 507 2494 caussam
527 2435 689 2518 opposuit,
704 2434 831 2516 speciem
850 2430 1015 2496 honestatis
1030 2476 1042 2507 ,
1083 2477 1094 2482 -

98 2573 100 2576 Α
192 2538 293 2601 neque
314 2519 625 2602 probabilem,neque
638 2519 707 2581 satis
728 2518 878 2583 idoneam.
900 2516 1044 2579 Peccavit

194 2722 214 2765 4
231 2690 270 2758 Ιιῖ
281 2704 419 2759 Collatino
435 2712 550 2776 propter·
566 2707 697 2761 invidiam
715 2708 832 2760 nominis
850 2709 949 2769 eiecto,
961 2707 1043 2774 qnia

262 2774 517 2894 pppllipppupttilitati
534 2770 687 2828 consultum
704 2783 764 2842 est,
782 2794 816 2828 ne
833 2777 960 2827 honestus
977 2775 1042 2842 qui·

196 2907 362 2970 tttomutur
378 2918 416 2960 sut
432 2909 505 2963 aolus
540 2904 701 2978 imperaret,
736 2910 850 2962 Remum
863 2912 974 2962 fratrem
991 2927 1042 2962 oc·
1115 2940 1118 2944 Δ

264 2974 354 3041 cidit,
380 2977 450 3027 hano
474 2976 582 3044 quidem
606 2996 728 3030 caussam
755 2989 935 3045 praetexens,
966 2976 1043 3046 qnod

265 3043 374 3095 moenia
391 3050 488 3099 conus,
503 3045 587 3111 legem
603 3045 793 3123 transiliisset¹
