2359 3567
411 261 470 309 ava.
491 261 537 303 vn.
559 262 624 303 err.
645 261 687 302 rx,
893 241 954 303 205

96 359 101 367 .
141 339 226 402 ·tur3
250 336 330 387 certe
352 322 630 411 baeenaitinner
650 321 773 407 quidem
795 344 909 399 summa
931 325 998 399 (sic

154 412 236 475 enim
257 415 480 486 cementicum
494 408 647 471 honestate
669 402 826 492 pugnabit.
847 406 921 469 Nam
944 409 997 469 ubi

152 496 285 577 primum
306 493 481 576 prudentiae
502 495 586 555 locus
607 493 753 555 dabitur?
777 496 844 566 An,
868 506 901 552 ut
922 514 996 553 eon·

154 578 257 659 quirat
277 577 411 659 undique
438 579 623 645 suavitates?
646 579 748 656 Quam
771 576 858 636 miser
880 576 998 637 virtutis

147 661 318 725 tumulatus
337 664 492 729 servientis
509 662 674 743 voluptati!
698 660 790 739 Quod
811 673 911 721 autem
933 681 999 722 mu·

149 768 212 807 uus
232 745 435 828 pmdentiae.?
449 749 498 809 Au
519 746 617 828 legere
639 746 840 827 intelligenter
863 744 1002 826 roluptnf'

55 836 77 886 Ἀ
155 831 227 891 tes?
258 824 323 891 Fae
353 831 429 891 nihil
452 832 510 892 isto
531 853 603 902 esse
616 829 798 890 iucundius:
822 827 895 911 quid
917 829 996 908 reugi-¹

156 914 212 974 tari
235 927 332 995 potest
361 916 514 997 turpins'l.
535 914 598 976 lam
620 917 673 997 qui
691 913 824 973 dolorem
847 934 999 987 summum

66 1029 70 1033 ·
152 997 267 1058 malum
289 992 577 1082 dicatJapudenim
601 1021 691 1081 quem
704 1000 794 1060 habet
815 998 915 1069 locum
936 996 997 1079 lor7
1040 1008 1043 1013 ’

125 1154 129 1161 x
154 1080 276 1157 titudo,
292 1104 369 1163 quae
390 1096 435 1144 est
456 1082 615 1159 dolorum,
643 1084 839 1161 laborumque
860 1093 996 1151 contemff

128 1165 223 1225 ‘tini
246 1167 389 1242 Quamvis
410 1168 491 1228 enim
513 1167 615 1228 multis
636 1169 667 1227 iu
691 1166 864 1227 locirdirat
887 1164 997 1245 Epicu·

153 1271 222 1323 rus,
255 1251 331 1310 sicut
358 1250 408 1321 hic
442 1252 536 1328 dicit,
572 1249 776 1331 satirlsortiter
809 1249 848 1309 de
870 1247 997 1324 dolore,

154 1346 253 1393 tamen
276 1357 337 1394 non
358 1334 390 1395 id
412 1334 606 1419 spectandum
638 1349 701 1412 est,
724 1333 797 1415 quid
819 1332 921 1407 dicat,
944 1331 997 1392 sed

153 1417 227 1499 quid
248 1433 478 1481 consentaneum
489 1420 526 1480 sit
547 1421 574 1480 ei
596 1420 717 1493 dicere,
740 1416 792 1500 qui
813 1417 890 1476 bona
912 1415 997 1487 volu<

152 1514 234 1581 ptate
263 1504 486 1581 terminaverit,
516 1506 595 1566 mala
620 1503 741 1565 dolore:
780 1513 813 1561 ut
850 1500 873 1559 si
897 1498 996 1561 ullum

153 1586 273 1647 audiam
293 1586 559 1665 decantineutia,
581 1602 613 1649 et
634 1586 834 1670 temperantia
851 1582 925 1644 dicit
943 1584 998 1644 itte

154 1668 276 1749 quidem
298 1671 394 1732 multa
416 1673 517 1733 multis
532 1670 622 1748 loeis,
645 1671 694 1732 sod
718 1693 796 1753 aqua
819 1670 923 1731 haeret
930 1670 997 1743 ,ut

154 1753 247 1819 aiunt.
260 1753 346 1829 ,Nam
367 1758 420 1837 qui
441 1770 538 1840 potest
556 1757 782 1839 temperantiam
804 1751 927 1813 laudare
951 1753 993 1827 is,

154 1840 206 1921 qui
235 1853 329 1921 ponat
361 1861 510 1909 summum
538 1842 653 1907 bonum
680 1841 711 1901 in
735 1838 911 1921 voluptate?
941 1836 996 1897 Est
1042 1830 1046 1837 ’
1099 1850 1103 1855 “
1177 1851 1178 1913 j

154 1923 235 1983 enim
271 1928 479 2005 temperantia·
498 1921 658 1995 libidinum
680 1920 831 1996 inimica,
860 1919 998 1983 libidines

70 2028 75 2037 ι
104 2030 108 2039 ’
154 2019 256 2085 antem
278 2010 500 2079 consectatrices
520 2010 691 2092 voluptatis.
717 2012 816 2089 ‚itque
831 2007 862 2064 in
884 2006 929 2066 hia
952 2018 997 2064 ta-

154 2112 224 2151 men
260 2089 355 2151 tribns
374 2093 557 2176 generibus,
588 2114 711 2175 quoquo
740 2090 829 2163 modo
852 2104 998 2171 possunt,

153 2197 216 2236 nou
253 2174 394 2237 incallide
425 2178 660 2260 tergiversantur.
684 2174 879 2238 Prudentiam
902 2174 998 2233 intro·

154 2260 271 2320 ducunt
283 2260 457 2336 ,scientiam
470 2261 713 2346 „suppeditantem
736 2262 924 2341 voluptates,
947 2257 1000 2317 de·

154 2344 318 2424 pellentem
345 2343 473 2407 dolores.
504 2345 721 2408 Fortitudinem
751 2363 873 2433 qunque
895 2342 998 2422 aliquo
1097 2361 1102 2370 ·

154 2428 244 2488 modo
294 2429 499 2511 expediunt,
543 2454 637 2514 quum
684 2430 806 2491 tradunt
852 2427 998 2486 rationem

154 2511 350 2594 negligendae
363 2517 464 2575 mortis
478 2563 487 2592 ,
500 2514 746 2599 perpetiendiqne
764 2511 883 2573 doloris.
898 2509 997 2569 Etiam

135 2608 138 2615 “
156 2597 386 2680 temperantiam
402 2599 549 2661 inducunt
564 2622 624 2659 non
635 2598 788 2659 -sacillime
809 2594 853 2655 illi
876 2594 998 2676 quidem

155 2681 207 2763 sed
247 2680 344 2741 tamen
372 2683 606 2766 quoquomodo
628 2676 897 2763 possunr.'ltteunt
917 2680 997 2740 enim

155 2756 317 2847 voluptatis
338 2767 574 2849 magnitudinem
587 2766 699 2827 doloris
721 2752 904 2839 detractione
926 2763 996 2822 fini·

155 2850 193 2912 ri;·
213 2849 330 2911 lustitia
353 2853 493 2930 vacillat,
515 2853 561 2912 vel
584 2853 660 2913 iacet
692 2853 811 2935 potius,
833 2867 995 2933 omnesque
1063 2859 1068 2863 ’

157 2957 208 2996 eae
233 2937 378 3019 virtutes,
412 2960 488 3021 quae
514 2935 545 2996 in
568 2936 780 2997 communitate
807 2938 996 3005 cernuntur,

58 3064 61 3069 -
157 3021 240 3080 etin
262 3020 403 3083 societate
425 3021 538 3104 generis
560 3021 694 3084 humani.
716 3017 923 3105 Neque‘enim
944 3017 1015 3075 bo·'

159 3104 256 3184 nitas,
279 3127 335 3171 nec
357 3106 538 3186 liberalitas,
567 3129 626 3201 uec
647 3105 770 3169 comitas
792 3105 853 3165 esse
874 3104 996 3190 potest„
