2359 3567
420 238 553 292 namus,
575 237 623 278 ser
643 237 680 277 ne
700 237 779 279 aare.
919 217 977 280 231

179 296 326 377 surdum,
349 310 439 382 quam
459 302 603 363 delectari
625 302 726 362 multis
748 289 888 360 inanibus
910 303 1023 381 rebus,

180 400 214 446 ut
237 388 373 461 honore,
396 399 430 448 ut
451 385 570 465 gloria,
593 399 627 447 ut
647 386 807 459 aedilicio,
832 399 865 445 ut
893 388 1023 465 vestitu,

180 471 333 552 eultuquo·
346 472 497 554 eorporis3
513 473 613 531 animo
635 484 734 531 autem
752 473 861 531 virtute
871 471 1024 553 praedito,

180 577 240 629 eo,
263 557 316 635 qui
338 556 385 614 rel
407 548 530 621 amare.
556 557 628 630 rel,
651 568 684 616 ut
705 556 746 614 ita
782 555 901 632 dicam,
934 556 1023 616 reda·

181 661 263 698 mare
285 642 398 722 possit,
431 663 492 700 non
520 639 682 700 admodum
715 640 889 701 delectari?
920 661 940 699 o
974 641 1026 700 tiu

180 725 261 783 enim
284 724 524 784 remuneratione
546 714 798 807 benevolentiae,
827 723 903 783 nihil
938 725 1022 787 vicis·

180 807 310 869 situdine
343 809 538 884 studiorum,
572 810 798 889 officiorumque
819 807 987 870 iucundius.
1008 809 1025 868 b

171 891 270 970 Quod
291 894 315 953 si
337 894 427 952 etiam
448 893 525 953 illud
546 892 707 968 addimus,
730 891 810 975 quod
845 906 924 952 reete
951 892 1024 953 addi

179 988 299 1059 potest,
321 976 396 1037 nibil
419 973 481 1037 esse
494 1023 503 1052 ‚
526 976 609 1059 quod
631 975 668 1038 ad
691 1000 721 1036 se
744 998 806 1038 rem
836 977 929 1037 ullam
966 990 1026 1038 tam

181 1061 310 1136 illiciat,
334 1074 446 1122 ettam
476 1066 629 1137 attrabat,
662 1076 752 1142 quam
789 1062 827 1122 ad
862 1062 1025 1121 amicitiam

115 1180 119 1185 ·
179 1144 343 1204 similitudo
356 1168 364 1221 3
377 1147 571 1208 „concedetur
593 1145 729 1229 prolecto
752 1169 857 1206 rerum
878 1168 968 1221 esse,
992 1159 1027 1208 ut

179 1228 274 1289 bonos
307 1229 379 1289 boni
412 1231 560 1311 diligant,
594 1229 821 1311 adsciscantque
853 1229 909 1288 sibi
939 1230 1025 1311 quasi

178 1314 405 1396 propinquitate
434 1316 630 1389 coniunctos,
663 1328 755 1395 atque
787 1325 904 1373 natura.
941 1313 1025 1373 uiuit

175 1411 223 1457 est
245 1398 325 1457 enim
348 1402 538 1481 appetentius
560 1399 701 1459 similium
724 1397 768 1457 sui
781 1443 790 1469 ,
826 1396 922 1456 nihil·
939 1420 1024 1479 rapa·

173 1483 263 1559 cius,
286 1503 375 1564 quam
406 1497 523 1544 natura.
556 1482 761 1559 Quamobrem
790 1482 847 1541 hoe
879 1479 1023 1562 quidem,

175 1566 300 1643 ¹Fanni,
322 1581 353 1627 et
374 1568 539 1644 Scaevola,
562 1579 700 1641 constat,
724 1578 757 1625 ut
786 1565 916 1647 opinor,
939 1565 1026 1626 bonis

180 1650 259 1711 inter
274 1651 368 1710 bonos
379 1653 464 1733 quasi
480 1652 672 1712 necessariam
688 1650 926 1710 benevolentiam
943 1672 1023 1724 esse3

56 1741 61 1755 ⁸
84 1753 90 1763 ·
181 1738 232 1816 q'ui
255 1748 298 1795 est
320 1738 467 1795 amicitiae
489 1734 554 1797 sons
576 1758 594 1795 a
617 1748 725 1795 natura
748 1734 934 1809 constitutus.
963 1733 1025 1794 sed

180 1819 285 1879 eadem
309 1820 426 1880 bonitas
446 1822 537 1897 etiam
559 1820 597 1878 ad
620 1818 844 1879 multitudinem
865 1819 1023 1900 pertinet3

182 1925 242 1962 non
263 1916 307 1962 est
327 1905 406 1963 enim
429 1905 589 1964 inhumana
612 1906 728 1979 virtus,
752 1924 850 1984 neque
865 1903 1025 1977 immunis,
1112 1916 1117 1924 '

182 2008 282 2068 neque
304 1988 455 2083 sufflaba,
483 2010 561 2069 quae
593 1988 683 2047 etiam
716 1988 843 2069 populos
875 1989 1027 2046 universos

185 2071 288 2147 tueri,
316 2070 418 2153 eisque
452 2072 569 2154 optime
603 2070 759 2131 consulere
795 2071 910 2144 soleat,
944 2069 1026 2151 quod
1110 2075 1114 2087 “

117 2198 122 2205 ·
183 2177 244 2215 non
268 2155 379 2217 laceret
400 2156 557 2239 prolecto,
594 2155 617 2214 si
645 2176 662 2213 a
695 2155 818 2214 caritate
852 2154 932 2234 vulgi
968 2154 1024 2214 ab·

183 2239 332 2302 horreret.
355 2242 457 2322 Atque
477 2242 567 2300 eliam
600 2240 675 2300 mihi
705 2238 837 2321 quidem·
859 2237 1025 2313 ridentur,

173 2325 237 2406 ‘qui
261 2324 396 2385 utilitatis
417 2346 517 2385 caussa
540 2323 844 2404 fingu'nt'amicitias,
879 2320 1027 2381 amabilis·

184 2409 290 2468 simum
313 2408 424 2468 nodum
446 2409 595 2468 amicitiae
619 2407 736 2471 tollere.
757 2407 822 2467 Non
842 2406 931 2465 ‘enim
966 2416 1026 2463 tam

185 2493 297 2553 utilitas
318 2506 404 2574 parta
426 2513 487 2573 pen
513 2492 662 2567 amicum,
701 2514 790 2574 qoam
807 2489 910 2548 amici
943 2510 1027 2547 amor

102 2596 105 2601 ’
185 2579 248 2659 ipse
271 2575 422 2652 delectat3
446 2590 571 2658 tumque
592 2575 670 2637 illud
693 2577 751 2649 sit,
774 2572 856 2655 quod
879 2572 918 2632 ab
930 2572 1027 2635 amieo

93 2739 95 2741 ι
184 2664 229 2720 es't
249 2659 440 2743 proiectum,
468 2659 656 2736 iucundum,
686 2662 709 2719 si
745 2681 812 2719 cum
850 2656 948 2718 studio
981 2669 1027 2716 est

183 2745 370 2826 proiectum:
406 2757 581 2826 tantumque
616 2745 699 2804 abest
720 2756 754 2803 ut
773 2742 921 2802 amicitiae
952 2763 1023 2822 pro-

105 2900 107 2903 ,
174 2825 272 2911 'pter''
288 2828 484 2911 indigentiam
523 2828 688 2903 colantur,
710 2841 744 2888 ut
780 2826 823 2899 ii,
846 2825 897 2905 qui
919 2824 1026 2906 opibus

182 2926 214 2973 et
235 2912 350 2995 copiis,
372 2913 562 2994 maximeque
584 2911 695 2972 virtute
730 2908 882 2992 praediti,
905 2908 936 2968 in
965 2927 1025 2988 qua

185 3047 203 3079 ι
219 3028 345 3080 Amicitia
362 3048 393 3083 ex
411 3046 499 3080 amore
517 3044 635 3079 nascens.

149 3156 153 3163 ,
186 3094 201 3146 b
218 3096 327 3161 illorum
344 3096 493 3153 similitudo
510 3095 654 3152 amicitiam
672 3090 812 3145 contrahit.
