2359 3567
265 136 307 208 γ
480 144 513 186 ιι.
533 142 565 187 τ.
585 144 679 185 ctera.
701 144 738 185 nn
758 143 850 185 oratu.

223 219 257 270 et
279 211 394 274 tirmior
419 219 487 282 est,
511 221 542 268 et
563 209 770 280 constantior,
794 222 826 272 ut
849 207 971 269 lortuna
992 226 1072 269 non·

224 313 414 378 uunquam,
433 303 576 373 tanquam
599 295 661 375 ipsa
676 292 812 353 mortalis
824 313 893 353 cum
908 294 1071 354 immortali

226 391 345 441 natura
357 399 506 476 pugnare
503 376 663 439 videatur.
685 379 745 454 Qui
767 376 870 458 igitur
885 375 924 435 ad
946 390 1072 449 naturae

220 474 298 520 suae
320 486 383 527 non
406 461 528 522 vitiosae
549 483 642 542 genus
664 461 822 522 eonsilium
845 443 966 535 vivendi
982 483 1071 521 omne
1124 535 1125 538 Ἴ

221 547 416 622 contulerit,
438 546 462 604 is
484 548 681 618 constantiam
705 556 825 605 teneat:
848 544 881 604 id
903 545 983 603 enim
1007 567 1070 606 ma

222 629 306 690 xime
328 593 417 691 deeel
431 629 524 708 puisi
546 630 625 692 sorte
647 653 678 690 se
701 651 814 690 errasse
837 628 1073 691 intellexeram

223 711 387 795 deligendo
409 733 521 797 genere
543 717 633 780 vitae.
655 713 745 791 Quod
761 714 786 773 si
807 712 953 774 acciderit
988 716 1071 812 (po-

224 809 281 857 test
302 813 402 875 autem
423 798 621 877 occideretur
643 797 780 859 iacienda
802 819 929 871 morum,
947 798 1072 860 institu-

222 880 384 967 torumque
405 884 531 944 mutatio
553 896 607 945 est
628 883 704 953 Eam
726 883 940 958 mutationem,
955 881 979 940 si
994 894 1071 943 tem·

220 987 297 1048 pora
318 968 530 1042 adiuvabant,
553 967 693 1041 facilius,
703 929 960 1067 commodiusque
978 966 1071 1027 facie·
1096 1001 1109 1042 ῃ

221 1070 312 1126 mus,
323 1054 380 1113 sin
404 1052 513 1124 minus,
536 1053 645 1112 sensim
667 1052 744 1124 erit,
768 1050 1075 1137 pedetentimque
1027 1051 1073 1112 la

212 1097 355 1211 cienda·
346 1149 411 1196 ·ut
432 1134 601 1210 amicitias,
623 1158 701 1216 quae
723 1138 822 1196 minus
844 1136 1016 1210 delectent,
1040 1146 1074 1195 et

220 1219 321 1281 minus
342 1221 536 1305 probentur,
558 1220 651 1302 magis
672 1220 780 1282 decere
802 1233 926 1280 censent
947 1222 1072 1302 sapien·

221 1313 267 1363 tes
288 1309 397 1367 sensim
419 1306 576 1377 dissuere,
596 1327 690 1388 quana
723 1317 849 1388 repente
883 1304 1076 1387 praecidere,

162 1429 165 1434 »
218 1385 411 1451 Commutato
433 1404 534 1450 autem
556 1411 667 1470 genere
697 1390 799 1462 vitae,
835 1390 918 1450 omni
949 1390 1073 1449 ratione

219 1475 391 1535 curandum
413 1486 478 1547 est,
502 1487 535 1533 ut
557 1472 588 1533 id
612 1434 1073 1534 bonoconsiliolecissesidea·
1105 1471 1115 1482 ⁷

218 1576 300 1618 mur.
323 1558 381 1617 Sed
404 1558 549 1640 quoniam
571 1559 676 1640 paullo
697 1570 770 1617 ante
793 1557 907 1618 dictum
930 1569 985 1628 est,
1003 1559 1073 1618 inri-

218 1641 328 1701 tandas
348 1662 412 1701 esse
433 1643 591 1714 maiores,-
607 1642 738 1724 primum
751 1629 827 1702 illud
843 1652 1004 1723 exceptum
1018 1641 1079 1718 sit,
1168 1701 1169 1708 ,

219 1745 260 1784 ne
283 1727 355 1787 vitia
379 1727 442 1784 sint
460 1686 629 1798 imitanda·
653 1726 784 1801 deinde,
817 1726 842 1785 si
865 1738 971 1786 natura
1007 1748 1072 1786 non

218 1807 321 1885 ieret,
343 1808 578 1891 ut-‘quaedam
569 1810 680 1870 tmitari
705 1812 838 1893 possint,¹
856 1822 890 1870 ut
904 1810 1072 1892 superioris

218 1894 358 1955 Africani
381 1894 479 1968 filius,
501 1895 554 1975 qui
577 1894 667 1968 huuc⁴
683 1896 779 1956 Paulo
801 1907 905 1954 natum
936 1894 1081 1976 adopta·.

218 1977 262 2038 vit
274 1992 432 2062 ,propter
454 1978 661 2038 infirmitatem
689 1979 869 2040 valetudinis
906 2000 966 2037 non
1007 1991 1078 2048 tarn,
1165 2009 1166 2026 ι

219 2064 321 2144 putarit
341 2063 435 2158 patris
456 2062 563 2122 similis
584 2084 668 2137 esse,
690 2086 780 2144 quam
802 2064 854 2123 ille
876 2062 974 2122 suerat
1007 2068 1072 2140 sui

216 2145 366 2229 utigitur
388 2170 449 2207 non
472 2148 586 2230 poterit
622 2146 683 2207 sive
721 2169 822 2209 causas
856 2135 1073 2222 defensitare,

217 2231 281 2291 sinc
303 2255 343 2314 po
365 2234 450 2292 ulum
473 2232 670 2304 concionibus
693 2244 815 2307 tenere,
838 2234 898 2291 sive
919 2232 999 2291 bella
1013 2255 1071 2313 ge·

218 2335 316 2375 rere:
339 2256 391 2376 illa
416 2329 513 2377 tamen
536 2330 687 2398 praestare
712 2317 853 2389 debebit,
876 2338 953 2398 quae
975 2331 1075 2379 erunt

218 2398 252 2459 in
275 2400 367 2481 ipsius
390 2411 564 2483 potestate,
588 2399 759 2481 justitiam,
782 2401 1072 2474 fidem,libe1ali-

217 2495 338 2560 tatem,
360 2483 560 2556 modestiam,
590 2487 841 2568 temperantiam,
874 2507 935 2566 quo
964 2487 1080 2557 mimis⁴

216 2567 259 2628 ab
281 2591 332 2628 eo
341 2568 397 2643 id,
419 2567 502 2650 quod
524 2568 613 2639 desit,
625 2571 808 2650 requiratur
823 2569 960 2650 Optima
962 2583 1076 2640 autem

217 2650 411 2713 bereditasa
440 2653 577 2735 patribus·
607 2654 734 2714 traditur
764 2653 886 2726 liberis,
920 2656 1080 2736 omnique.

151 2745 160 2756 ‘
216 2737 404 2818 patrimonio.
426 2737 642 2818 praestantior,
665 2738 760 2819 gloria
783 2738 925 2811 virtutis,
948 2758 1074 2802 rerum-

217 2842 279 2902 que
294 2835 466 2902 gestarum:
482 2823 534 2882 cui
550 2820 693 2883 dedecori
701 2845 774 2897 esse,
783 2823 877 2897 nefas,
894 2834 924 2882 et
937 2820 1076 2907 impium

215 3091 236 3125 ιι
251 3073 396 3147 Quomodo
413 3068 629 3133 commorandum
645 3081 713 3140 vitae
730 3098 819 3152 genus
