2359 3567
418 257 475 300 tra.
498 260 520 298 r.
542 256 629 297 cans.
897 258 915 312 q
985 281 988 288 .

36 343 39 348 ’
126 323 218 394 tendi
239 324 339 409 maior
361 336 406 384 ‘est
428 326 459 383 in
482 321 559 395 illis3
582 319 633 379 sed
656 316 849 399 hoeqnoqne
866 324 967 386 colen,

109 417 199 476 ‘dnm
234 425 280 473 est
313 408 495 490 aequabile,
531 416 563 464 et
585 413 784 485 temperatum
821 406 966 466 orationis

126 519 231 580 genus.
253 494 274 552 θ’(
296 494 336 553 Et
352 493 382 552 id
393 492 515 575 quidem
539 488 654 548 nemini
677 486 765 545 rideo
778 485 965 549 Graecorum

125 583 229 642 adhue
264 578 442 657 contigisse,
479 586 514 633 nt
534 572 615 631 idem
639 582 767 652 utroque
805 571 835 629 in
859 594 967 652 genere

26 707 31 716 a
88 715 98 721 .
126 666 301 735 laboraret,
324 667 562 741 sequereturque
583 668 615 714 et
627 654 702 714 illud
725 654 844 714 forense
859 656 965 718 dicen·
989 690 993 700 ·

125 745 180 823 di,
212 760 244 807 et
272 746 329 805 hoe
365 744 501 825 quietum
529 738 703 822 disputandi
731 759 834 818 genus.
861 762 880 798 n
903 741 967 801 uisi

129 833 210 891 sorte
225 829 396 889 Demetrius
412 826 576 886 Phalereus
598 824 629 883 in
647 823 703 882 hoe
719 844 845 883 numero
861 824 967 888 haberi
1045 861 1048 868 ·

57 925 60 929 ’
126 926 247 998 potest,
281 908 616 995 disputator-subtilis,
638 920 739 966 orator
754 930 861 989 parum
880 910 968 969 rehe·
1043 901 1047 908 “

127 1021 233 1072 mens,
256 996 353 1058 dulcis
377 1009 495 1075 tamen,
519 1006 553 1050 ut
568 991 770 1073 Theophrasti
784 992 966 1075 discipulum

125 1085 224 1166 possis
245 1101 418 1161 agnoscere.
447 1075 507 1137 Nos
529 1086 629 1136 autem
653 1088 799 1156 quantum
828 1078 862 1137 in
885 1090 968 1138 utro·

126 1189 189 1248 que
206 1164 423 1248 profecerimus
438 1197 453 1236 ,-
470 1161 601 1220 aliorum
613 1160 652 1218 sit
665 1158 829 1238 judicium:
853 1172 969 1221 utrum·

104 1272 189 1331 -que
212 1260 294 1308 certe
316 1245 412 1312 secuti
434 1265 547 1304 sumus.
577 1241 727 1326 Equidem
757 1256 787 1301 et
809 1242 967 1306 Platonem

125 1334 291 1406 existimo,
315 1331 338 1388 si
360 1350 453 1409 genus
475 1327 595 1388 forense
617 1326 739 1388 dicendi
769 1338 899 1405 tractare
920 1352 970 1387 ro·

124 1415 255 1487 luisset,
267 1414 467 1495 ¹grauissime,
490 1423 525 1471 et
541 1410 744 1492 copiosissime
766 1414 898 1492 potuisse
920 1413 969 1472 di·'

126 1522 216 1560 cere:
238 1496 544 1570 et·.Demosthenem‚
567 1495 591 1553 si
608 1493 683 1568 itta,
706 1516 818 1575 quaen
842 1495 970 1585 Plotope

126 1582 481 1656 didiceratptennisset,
514 1592 547 1639 et
568 1580 780 1661 pronunciare
798 1581 970 1657 ‘volnisset,

44 1739 48 1744 Δ
123 1680 260 1741 ornate,
282 1663 500 1749 splendideque
516 1664 617 1723 facere
630 1665 776 1743 potuisse:
792 1664 971 1747 Eodemque

123 1750 222 1811 -modo
246 1749 284 1809 de
306 1749 329 1814 h,
345 1748 529 1823 Aristotele,
543 1758 582 1805 et
605 1746 736 1807 Isocrate
751 1748 873 1828 iudico,
897 1772 972 1831 quo·

121 1856 199 1896 snm
233 1846 363 1914 uterque
395 1853 450 1890 suo
481 1830 581 1889 studio
615 1829 973 1893 delectatns'eontemsit

122 1916 352 1994 ¹alterum.sSed
375 1936 469 1995 quum
491 1915 660 1974 statuissem
685 1915 802 1995 aliquid
826 1917 883 1975 hoc
901 1929 974 1978 tem÷

126 2023 205 2084 pore
229 2000 267 2060 ad
290 2012 320 2060 te
342 1999 497 2072 scrihere,
529 2007 558 2058 et
580 1997 674 2056 multa
698 1999 841 2080 posthac,
876 2001 915 2060 ab
937 2008 991 2062 eo'

124 2084 226 2146 ordiri
264 2084 345 2142 volui
381 2083 531 2156 maxime,
567 2081 649 2163 quod
671 2094 702 2141 et
724 2087 814 2144 aetati
838 2096 907 2145 tuae
928 2110 974 2146 es·

126 2182 176 2228 set
199 2168 411 2250 aptissimum,
434 2178 464 2225 et
477 2165 649 2228 auctoritati
671 2189 766 2228 meae.
790 2167 866 2232 Nam
880 2192 975 2251 quum

6 2265 7 2268 ’
69 2313 73 2318 ,
124 2252 229 2312 multa
263 2251 377 2310 sintin
395 2249 593 2332 philosophia
625 2262 657 2308 et
678 2252 803 2332 gravia,
837 2265 868 2311 et
890 2256 976 2316 utilia

124 2349 294 2409 accurate,
330 2335 510 2416 copioseque
539 2334 766 2417 ophilosophis
796 2335 974 2419 disputata,

123 2420 278 2479 latissime
307 2430 418 2499 patere*
445 2418 586 2478 videntur·
608 2441 662 2496 ea,
697 2441 777 2500 quae
809 2420 847 2478 de
871 2423 976 2481 ollieiis
1017 2429 1020 2435 '
1056 2471 1060 2476 .

127 2502 246 2563 tradita
262 2501 302 2560 ah
317 2500 376 2560 illis
389 2547 403 2576 ‚‚
421 2513 627 2584 etpraecepta
650 2514 730 2562 sunt.
751 2524 767 2563 c
785 2503 875 2563 Nulla
893 2507 976 2565 enim

123 2588 213 2649 ritae
236 2606 306 2667 pars
328 2605 428 2665 neque
449 2584 599 2667 puhlicis,
632 2608 732 2668 neque
753 2588 900 2669 privatis,
925 2611 977 2647 ue·

122 2710 139 2739 *
160 2709 208 2761 At.
228 2718 256 2755 et
274 2705 305 2757 id
319 2705 423 2775 quidem
442 2709 544 2758 nemini
558 2708 647 2758 video.

120 2797 140 2829 a
158 2776 240 2828 Inter
256 2774 425 2841 philosophos
442 2775 469 2824 in
488 2791 541 2824 uno
560 2774 695 2826 Demetrio
707 2776 791 2825 ,etiam
803 2775 909 2827 dicentii
922 2784 976 2827 stu-

198 2841 296 2906 dinm3
314 2841 429 2891 ‘Platoni
459 2841 566 2892 dicendi
586 2837 748 2894 'exercitatio
768 2860 775 2908 5
805 2844 977 2896 Demostheni

196 2908 404 2975 philosophandi
420 2908 513 2961 deluit.
534 2954 539 2958 .
635 2923 637 2928 ’

116 2981 134 3032 b
157 2976 320 3091 Aemqlatio
338 2976 406 3026 inter
422 2977 533 3029 Aristot·
556 2976 760 3045 philosophum,
789 2984 815 3026 et
832 2974 975 3029 Isocratem
1020 3029 1024 3034 ,

196 3051 340 3093 retorem.
382 3089 384 3092 .
456 3074 461 3079 ·
509 3063 511 3070 ·
653 3065 656 3074 ,

111 3128 128 3161 c
150 3110 340 3164 Commendat
365 3107 448 3162 officia
478 3128 620 3176 apersona
639 3110 793 3181 utriusque:
822 3110 916 3161 deiude
943 3113 977 3160 ab

194 3176 336 3245 utilitate,
354 3183 379 3229 et
396 3179 592 3230 communitate.
669 3244 678 3267 ι
700 3245 723 3304 Α

365 3255 368 3259 Α
659 3246 674 3282 2„
733 3249 736 3254 ,
