<?xml version="1.0" encoding="UTF-8"?>
<!DOCTYPE html PUBLIC "-//W3C//DTD XHTML 1.0 Transitional//EN"
    "http://www.w3.org/TR/xhtml1/DTD/xhtml1-transitional.dtd">
<html xmlns="http://www.w3.org/1999/xhtml" xml:lang="en" lang="en">
 <head>
  <title>
</title>
<meta http-equiv="Content-Type" content="text/html;charset=utf-8" />
  <meta name='ocr-system' content='tesseract 3.04.00' />
  <meta name='ocr-capabilities' content='ocr_page ocr_carea ocr_par ocr_line ocrx_word'/>
</head>
<body>
  <div class='ocr_page' id='page_1' title='image "./mtulliiciceroni114cicegoog/mtulliiciceroni114cicegoog_0297.png"; bbox 0 0 2359 3567; ppageno 0'>
   <div class='ocr_carea' id='block_1_1' title="bbox 33 101 1041 2723">
    <p class='ocr_par' dir='ltr' id='par_1_1' title="bbox 345 101 915 182">
     <span class='ocr_line' id='line_1_1' title="bbox 345 101 915 182; baseline 0 -21"><span class='ocrx_word' id='word_1_1' title='bbox 345 112 349 117; x_wconf 82' lang='lat'><em>&#39;</em></span> <span class='ocrx_word' id='word_1_2' title='bbox 443 121 592 161; x_wconf 76' lang='lat' dir='ltr'><strong>esnrooxr</strong></span> <span class='ocrx_word' id='word_1_3' title='bbox 856 101 915 182; x_wconf 79' lang='lat'><strong>3¹9</strong></span> 
     </span>
    </p>

    <p class='ocr_par' dir='ltr' id='par_1_2' title="bbox 33 183 1041 2723">
     <span class='ocr_line' id='line_1_2' title="bbox 104 183 957 274; baseline -0.005 -26"><span class='ocrx_word' id='word_1_4' title='bbox 104 185 233 274; x_wconf 83' lang='lat' dir='ltr'><strong>plures?</strong></span> <span class='ocrx_word' id='word_1_5' title='bbox 260 184 372 247; x_wconf 80' lang='lat' dir='ltr'><strong>Maiore</strong></span> <span class='ocrx_word' id='word_1_6' title='bbox 408 185 522 245; x_wconf 72' lang='lat' dir='ltr'><strong>etiams</strong></span> <span class='ocrx_word' id='word_1_7' title='bbox 558 197 589 244; x_wconf 92' lang='lat' dir='ltr'><strong>et</strong></span> <span class='ocrx_word' id='word_1_8' title='bbox 610 183 635 244; x_wconf 85' lang='lat' dir='ltr'><strong>si</strong></span> <span class='ocrx_word' id='word_1_9' title='bbox 656 194 693 244; x_wconf 88' lang='lat' dir='ltr'><strong>ut</strong></span> <span class='ocrx_word' id='word_1_10' title='bbox 712 183 825 255; x_wconf 61' lang='lat' dir='ltr'><strong>aiunt‚’</strong></span> <span class='ocrx_word' id='word_1_11' title='bbox 856 184 957 247; x_wconf 82' lang='lat' dir='ltr'><strong>Danai</strong></span> 
     </span>
     <span class='ocr_line' id='line_1_3' title="bbox 105 267 991 356; baseline -0.008 -22"><span class='ocrx_word' id='word_1_12' title='bbox 105 270 327 356; x_wconf 82' lang='lat' dir='ltr'><strong>qninquaginta</strong></span> <span class='ocrx_word' id='word_1_13' title='bbox 348 267 407 327; x_wconf 77' lang='lat' dir='ltr'><strong>sint</strong></span> <span class='ocrx_word' id='word_1_14' title='bbox 428 268 508 328; x_wconf 83' lang='lat' dir='ltr'><strong>filiae</strong></span> <span class='ocrx_word' id='word_1_15' title='bbox 522 292 529 328; x_wconf 73' lang='grc' dir='ltr'><strong><em>ε</em></strong></span> <span class='ocrx_word' id='word_1_16' title='bbox 556 280 599 329; x_wconf 94' lang='lat' dir='ltr'><strong>tot</strong></span> <span class='ocrx_word' id='word_1_17' title='bbox 613 267 699 333; x_wconf 75' lang='lat' dir='ltr'><strong>dotes</strong></span> <span class='ocrx_word' id='word_1_18' title='bbox 713 288 851 349; x_wconf 78' lang='lat' dir='ltr'><strong>maguam</strong></span> <span class='ocrx_word' id='word_1_19' title='bbox 864 289 958 351; x_wconf 83' lang='lat' dir='ltr'><strong>qnae-</strong></span> <span class='ocrx_word' id='word_1_20' title='bbox 988 308 991 311; x_wconf 93' lang='lat'>-</span> 
     </span>
     <span class='ocr_line' id='line_1_4' title="bbox 105 352 958 439; baseline -0.006 -19"><span class='ocrx_word' id='word_1_21' title='bbox 105 366 181 420; x_wconf 87' lang='lat' dir='ltr'><strong>runt</strong></span> <span class='ocrx_word' id='word_1_22' title='bbox 202 354 372 439; x_wconf 83' lang='lat' dir='ltr'><strong>pecuniam.</strong></span> <span class='ocrx_word' id='word_1_23' title='bbox 393 353 548 430; x_wconf 85' lang='lat' dir='ltr'><strong>Quantum</strong></span> <span class='ocrx_word' id='word_1_24' title='bbox 568 354 651 413; x_wconf 87' lang='lat' dir='ltr'><strong>enim</strong></span> <span class='ocrx_word' id='word_1_25' title='bbox 671 352 783 434; x_wconf 87' lang='lat' dir='ltr'><strong>cuique</strong></span> <span class='ocrx_word' id='word_1_26' title='bbox 814 374 889 434; x_wconf 88' lang='lat' dir='ltr'><strong>opus</strong></span> <span class='ocrx_word' id='word_1_27' title='bbox 912 366 958 415; x_wconf 86' lang='lat' dir='ltr'><strong>est</strong></span> 
     </span>
     <span class='ocr_line' id='line_1_5' title="bbox 104 436 957 514; baseline -0.002 -12"><span class='ocrx_word' id='word_1_28' title='bbox 104 441 144 504; x_wconf 75' lang='lat' dir='ltr'><strong>ud</strong></span> <span class='ocrx_word' id='word_1_29' title='bbox 166 441 199 501; x_wconf 92' lang='lat' dir='ltr'><strong>id</strong></span> <span class='ocrx_word' id='word_1_30' title='bbox 220 437 491 514; x_wconf 84' lang='lat' dir='ltr'><strong>accommodatur,</strong></span> <span class='ocrx_word' id='word_1_31' title='bbox 512 440 639 500; x_wconf 83' lang='lat' dir='ltr'><strong>utente</strong></span> <span class='ocrx_word' id='word_1_32' title='bbox 661 437 748 512; x_wconf 80' lang='lat' dir='ltr'><strong>dixi,</strong></span> <span class='ocrx_word' id='word_1_33' title='bbox 784 436 957 500; x_wconf 73' lang='lat' dir='ltr'><strong>diuitiarum</strong></span> 
     </span>
     <span class='ocr_line' id='line_1_6' title="bbox 104 521 956 606; baseline -0.011 -19"><span class='ocrx_word' id='word_1_34' title='bbox 104 526 223 587; x_wconf 87' lang='lat' dir='ltr'><strong>modus.</strong></span> <span class='ocrx_word' id='word_1_35' title='bbox 245 547 266 585; x_wconf 84' lang='lat' dir='ltr'><strong><em>a</em></strong></span> <span class='ocrx_word' id='word_1_36' title='bbox 288 522 349 602; x_wconf 87' lang='lat' dir='ltr'><strong>Qui</strong></span> <span class='ocrx_word' id='word_1_37' title='bbox 370 522 461 604; x_wconf 84' lang='lat' dir='ltr'><strong>igitur</strong></span> <span class='ocrx_word' id='word_1_38' title='bbox 482 544 543 583; x_wconf 89' lang='lat' dir='ltr'><strong>non</strong></span> <span class='ocrx_word' id='word_1_39' title='bbox 567 521 644 583; x_wconf 85' lang='lat' dir='ltr'><strong>filias</strong></span> <span class='ocrx_word' id='word_1_40' title='bbox 666 524 787 606; x_wconf 83' lang='lat' dir='ltr'><strong>plnres,</strong></span> <span class='ocrx_word' id='word_1_41' title='bbox 811 522 863 581; x_wconf 86' lang='lat' dir='ltr'><strong>sed</strong></span> <span class='ocrx_word' id='word_1_42' title='bbox 886 522 956 584; x_wconf 60' lang='lat' dir='ltr'><strong>iun-2</strong></span> 
     </span>
     <span class='ocr_line' id='line_1_7' title="bbox 100 606 957 691; baseline -0.004 -20"><span class='ocrx_word' id='word_1_43' title='bbox 100 606 464 690; x_wconf 58' lang='lat' dir='ltr'><strong>‘merabilescupiditatcs</strong></span> <span class='ocrx_word' id='word_1_44' title='bbox 485 607 595 683; x_wconf 81' lang='lat' dir='ltr'><strong>habet,</strong></span> <span class='ocrx_word' id='word_1_45' title='bbox 617 629 696 689; x_wconf 84' lang='lat' dir='ltr'><strong>qnae</strong></span> <span class='ocrx_word' id='word_1_46' title='bbox 718 607 802 667; x_wconf 78' lang='lat' dir='ltr'><strong>brevi</strong></span> <span class='ocrx_word' id='word_1_47' title='bbox 819 618 957 691; x_wconf 84' lang='lat' dir='ltr'><strong>tempore</strong></span> 
     </span>
     <span class='ocr_line' id='line_1_8' title="bbox 106 690 957 773; baseline -0.002 -18"><span class='ocrx_word' id='word_1_48' title='bbox 106 697 253 757; x_wconf 83' lang='lat' dir='ltr'><strong>maximas</strong></span> <span class='ocrx_word' id='word_1_49' title='bbox 263 692 364 772; x_wconf 85' lang='lat' dir='ltr'><strong>copias</strong></span> <span class='ocrx_word' id='word_1_50' title='bbox 376 692 538 752; x_wconf 81' lang='lat' dir='ltr'><strong>exhaurire</strong></span> <span class='ocrx_word' id='word_1_51' title='bbox 557 692 692 773; x_wconf 57' lang='lat' dir='ltr'><strong>possint,</strong></span> <span class='ocrx_word' id='word_1_52' title='bbox 707 692 789 753; x_wconf 85' lang='lat' dir='ltr'><strong>huno</strong></span> <span class='ocrx_word' id='word_1_53' title='bbox 802 690 957 772; x_wconf 87' lang='lat' dir='ltr'><strong>quomodo</strong></span> 
     </span>
     <span class='ocr_line' id='line_1_9' title="bbox 106 774 957 862; baseline 0 -24"><span class='ocrx_word' id='word_1_54' title='bbox 106 798 163 862; x_wconf 81' lang='lat' dir='ltr'><strong>ego</strong></span> <span class='ocrx_word' id='word_1_55' title='bbox 184 777 350 862; x_wconf 84' lang='lat' dir='ltr'><strong>appellabo</strong></span> <span class='ocrx_word' id='word_1_56' title='bbox 372 775 513 852; x_wconf 84' lang='lat' dir='ltr'><strong>divitem,</strong></span> <span class='ocrx_word' id='word_1_57' title='bbox 536 797 631 857; x_wconf 88' lang='lat' dir='ltr'><strong>quum</strong></span> <span class='ocrx_word' id='word_1_58' title='bbox 653 775 718 860; x_wconf 87' lang='lat' dir='ltr'><strong>ipse</strong></span> <span class='ocrx_word' id='word_1_59' title='bbox 755 774 845 836; x_wconf 85' lang='lat' dir='ltr'><strong>etiam</strong></span> <span class='ocrx_word' id='word_1_60' title='bbox 860 778 957 858; x_wconf 77' lang='lat' dir='ltr'><strong>&#39;cgere</strong></span> 
     </span>
     <span class='ocr_line' id='line_1_10' title="bbox 106 859 955 942; baseline -0.001 -20"><span class='ocrx_word' id='word_1_61' title='bbox 106 885 138 922; x_wconf 90' lang='lat' dir='ltr'><strong>se</strong></span> <span class='ocrx_word' id='word_1_62' title='bbox 159 862 297 925; x_wconf 81' lang='lat' dir='ltr'><strong>sentiat?</strong></span> <span class='ocrx_word' id='word_1_63' title='bbox 318 861 336 920; x_wconf 81' lang='lat' dir='ltr'><em>b</em></span> <span class='ocrx_word' id='word_1_64' title='bbox 357 860 447 920; x_wconf 83' lang='lat' dir='ltr'><strong>Multi</strong></span> <span class='ocrx_word' id='word_1_65' title='bbox 468 882 507 920; x_wconf 83' lang='lat' dir='ltr'><strong>ex</strong></span> <span class='ocrx_word' id='word_1_66' title='bbox 528 873 558 919; x_wconf 86' lang='lat' dir='ltr'><strong>te</strong></span> <span class='ocrx_word' id='word_1_67' title='bbox 579 859 762 934; x_wconf 79' lang='lat' dir='ltr'><strong>andierunt,</strong></span> <span class='ocrx_word' id='word_1_68' title='bbox 788 880 885 942; x_wconf 80' lang='lat' dir='ltr'><strong>quum</strong></span> <span class='ocrx_word' id='word_1_69' title='bbox 907 860 955 921; x_wconf 87' lang='lat' dir='ltr'><strong>di-</strong></span> 
     </span>
     <span class='ocr_line' id='line_1_11' title="bbox 107 944 958 1026; baseline 0 -18"><span class='ocrx_word' id='word_1_70' title='bbox 107 970 208 1023; x_wconf 83' lang='lat' dir='ltr'><strong>ceres,</strong></span> <span class='ocrx_word' id='word_1_71' title='bbox 222 944 381 1008; x_wconf 72' lang='lat' dir='ltr'><strong>‘nemiuem</strong></span> <span class='ocrx_word' id='word_1_72' title='bbox 403 966 466 1005; x_wconf 86' lang='lat' dir='ltr'><strong>esse</strong></span> <span class='ocrx_word' id='word_1_73' title='bbox 488 944 628 1020; x_wconf 73' lang='lat' dir='ltr'><strong>divitem,</strong></span> <span class='ocrx_word' id='word_1_74' title='bbox 645 945 701 1005; x_wconf 87' lang='lat' dir='ltr'><strong>nisi</strong></span> <span class='ocrx_word' id='word_1_75' title='bbox 716 946 769 1026; x_wconf 87' lang='lat' dir='ltr'><strong>qui</strong></span> <span class='ocrx_word' id='word_1_76' title='bbox 791 945 958 1008; x_wconf 75' lang='lat' dir='ltr'><strong>exereitum</strong></span> 
     </span>
     <span class='ocr_line' id='line_1_12' title="bbox 105 1028 956 1118; baseline 0 -27"><span class='ocrx_word' id='word_1_77' title='bbox 105 1031 190 1095; x_wconf 85' lang='lat' dir='ltr'><strong>alere</strong></span> <span class='ocrx_word' id='word_1_78' title='bbox 209 1038 309 1118; x_wconf 85' lang='lat' dir='ltr'><strong>posset</strong></span> <span class='ocrx_word' id='word_1_79' title='bbox 329 1031 389 1090; x_wconf 83' lang='lat' dir='ltr'><strong>suis</strong></span> <span class='ocrx_word' id='word_1_80' title='bbox 411 1028 558 1091; x_wconf 80' lang='lat' dir='ltr'><strong>fructibus</strong></span> <span class='ocrx_word' id='word_1_81' title='bbox 572 1052 580 1088; x_wconf 79' lang='lat' dir='ltr'>t</span> <span class='ocrx_word' id='word_1_82' title='bbox 594 1028 679 1110; x_wconf 90' lang='lat' dir='ltr'><strong>quod</strong></span> <span class='ocrx_word' id='word_1_83' title='bbox 691 1029 820 1112; x_wconf 89' lang='lat' dir='ltr'><strong>populns</strong></span> <span class='ocrx_word' id='word_1_84' title='bbox 840 1030 956 1091; x_wconf 84' lang='lat' dir='ltr'><strong>Rome-</strong></span> 
     </span>
     <span class='ocr_line' id='line_1_13' title="bbox 105 1112 957 1196; baseline -0.002 -20"><span class='ocrx_word' id='word_1_85' title='bbox 105 1139 165 1176; x_wconf 82' lang='lat' dir='ltr'><strong>nus</strong></span> <span class='ocrx_word' id='word_1_86' title='bbox 202 1113 295 1178; x_wconf 84' lang='lat' dir='ltr'><strong>tantis</strong></span> <span class='ocrx_word' id='word_1_87' title='bbox 326 1113 524 1196; x_wconf 83' lang='lat' dir='ltr'><strong>vectigalibus</strong></span> <span class='ocrx_word' id='word_1_88' title='bbox 559 1112 740 1196; x_wconf 80' lang='lat' dir='ltr'><strong>iampridem</strong></span> <span class='ocrx_word' id='word_1_89' title='bbox 774 1114 825 1173; x_wconf 80' lang='lat' dir='ltr'><strong>rix</strong></span> <span class='ocrx_word' id='word_1_90' title='bbox 847 1126 957 1196; x_wconf 87' lang='lat' dir='ltr'><strong>potest.</strong></span> 
     </span>
     <span class='ocr_line' id='line_1_14' title="bbox 102 1194 976 1284; baseline 0.002 -25"><span class='ocrx_word' id='word_1_91' title='bbox 102 1199 187 1284; x_wconf 80' lang='lat' dir='ltr'><strong>Ergo</strong></span> <span class='ocrx_word' id='word_1_92' title='bbox 201 1247 212 1276; x_wconf 91' lang='lat'>,</span> <span class='ocrx_word' id='word_1_93' title='bbox 224 1202 293 1261; x_wconf 38' lang='lat' dir='ltr'><strong>*hoc</strong></span> <span class='ocrx_word' id='word_1_94' title='bbox 314 1200 485 1283; x_wconf 81' lang='lat' dir='ltr'><strong>proposito,</strong></span> <span class='ocrx_word' id='word_1_95' title='bbox 507 1219 664 1279; x_wconf 82' lang='lat' dir='ltr'><strong>uunquam</strong></span> <span class='ocrx_word' id='word_1_96' title='bbox 687 1194 749 1258; x_wconf 85' lang='lat' dir='ltr'><strong>eris</strong></span> <span class='ocrx_word' id='word_1_97' title='bbox 766 1197 853 1257; x_wconf 80' lang='lat' dir='ltr'><strong>dives</strong></span> <span class='ocrx_word' id='word_1_98' title='bbox 874 1213 976 1277; x_wconf 59' lang='lat' dir='ltr'><strong>ante„</strong></span> 
     </span>
     <span class='ocr_line' id='line_1_15' title="bbox 103 1280 957 1365; baseline 0 -22"><span class='ocrx_word' id='word_1_99' title='bbox 103 1306 199 1365; x_wconf 87' lang='lat' dir='ltr'><strong>quam</strong></span> <span class='ocrx_word' id='word_1_100' title='bbox 220 1285 276 1346; x_wconf 87' lang='lat' dir='ltr'><strong>tibi</strong></span> <span class='ocrx_word' id='word_1_101' title='bbox 297 1304 336 1343; x_wconf 81' lang='lat' dir='ltr'><strong>ex</strong></span> <span class='ocrx_word' id='word_1_102' title='bbox 359 1284 416 1343; x_wconf 86' lang='lat' dir='ltr'><strong>tuis</strong></span> <span class='ocrx_word' id='word_1_103' title='bbox 438 1280 675 1365; x_wconf 58' lang='lat' dir='ltr'>possessionibus</span> <span class='ocrx_word' id='word_1_104' title='bbox 696 1293 814 1343; x_wconf 86' lang='lat' dir='ltr'><strong>tantum</strong></span> <span class='ocrx_word' id='word_1_105' title='bbox 838 1282 957 1344; x_wconf 83' lang='lat' dir='ltr'><strong>reficia-</strong></span> 
     </span>
     <span class='ocr_line' id='line_1_16' title="bbox 103 1365 958 1449; baseline 0.004 -23"><span class='ocrx_word' id='word_1_106' title='bbox 103 1380 184 1443; x_wconf 87' lang='lat' dir='ltr'><strong>tur,</strong></span> <span class='ocrx_word' id='word_1_107' title='bbox 214 1378 250 1430; x_wconf 92' lang='lat' dir='ltr'><strong>nt</strong></span> <span class='ocrx_word' id='word_1_108' title='bbox 284 1389 324 1427; x_wconf 82' lang='lat' dir='ltr'><strong>ex</strong></span> <span class='ocrx_word' id='word_1_109' title='bbox 345 1389 382 1428; x_wconf 92' lang='lat' dir='ltr'><strong>eo</strong></span> <span class='ocrx_word' id='word_1_110' title='bbox 415 1368 501 1427; x_wconf 80' lang='lat' dir='ltr'><strong>tueri</strong></span> <span class='ocrx_word' id='word_1_111' title='bbox 530 1388 582 1426; x_wconf 83' lang='lat' dir='ltr'><strong>sex</strong></span> <span class='ocrx_word' id='word_1_112' title='bbox 605 1365 759 1447; x_wconf 73' lang='lat' dir='ltr'><strong>legiones,</strong></span> <span class='ocrx_word' id='word_1_113' title='bbox 794 1378 825 1425; x_wconf 87' lang='lat' dir='ltr'><strong>et</strong></span> <span class='ocrx_word' id='word_1_114' title='bbox 847 1387 958 1449; x_wconf 78' lang='lat' dir='ltr'><strong>magna</strong></span> 
     </span>
     <span class='ocr_line' id='line_1_17' title="bbox 92 1448 958 1534; baseline 0 -22"><span class='ocrx_word' id='word_1_115' title='bbox 92 1452 268 1533; x_wconf 71' lang='lat' dir='ltr'><strong>equitum,</strong></span> <span class='ocrx_word' id='word_1_116' title='bbox 290 1474 325 1513; x_wconf 82' lang='lat' dir='ltr'><strong>ae</strong></span> <span class='ocrx_word' id='word_1_117' title='bbox 347 1451 482 1534; x_wconf 89' lang='lat' dir='ltr'><strong>peditum</strong></span> <span class='ocrx_word' id='word_1_118' title='bbox 505 1450 619 1523; x_wconf 63' lang='lat' dir='ltr'><strong>unsilia</strong></span> <span class='ocrx_word' id='word_1_119' title='bbox 639 1451 742 1533; x_wconf 79' lang='lat' dir='ltr'><strong>possis.</strong></span> <span class='ocrx_word' id='word_1_120' title='bbox 766 1448 832 1511; x_wconf 87' lang='lat' dir='ltr'><strong>lam</strong></span> <span class='ocrx_word' id='word_1_121' title='bbox 855 1449 958 1512; x_wconf 80' lang='lat' dir='ltr'><strong>lateris</strong></span> 
     </span>
     <span class='ocr_line' id='line_1_18' title="bbox 93 1533 958 1619; baseline 0.001 -24"><span class='ocrx_word' id='word_1_122' title='bbox 93 1536 222 1619; x_wconf 76' lang='lat' dir='ltr'><strong>igitur,</strong></span> <span class='ocrx_word' id='word_1_123' title='bbox 244 1556 305 1599; x_wconf 90' lang='lat' dir='ltr'><strong>non</strong></span> <span class='ocrx_word' id='word_1_124' title='bbox 327 1557 391 1597; x_wconf 87' lang='lat' dir='ltr'><strong>esse</strong></span> <span class='ocrx_word' id='word_1_125' title='bbox 414 1549 442 1596; x_wconf 90' lang='lat' dir='ltr'><strong>te</strong></span> <span class='ocrx_word' id='word_1_126' title='bbox 463 1535 608 1613; x_wconf 82' lang='lat' dir='ltr'><strong>divitem,</strong></span> <span class='ocrx_word' id='word_1_127' title='bbox 631 1535 679 1595; x_wconf 87' lang='lat' dir='ltr'><strong>cui</strong></span> <span class='ocrx_word' id='word_1_128' title='bbox 717 1546 834 1595; x_wconf 87' lang='lat' dir='ltr'><strong>tanturn</strong></span> <span class='ocrx_word' id='word_1_129' title='bbox 855 1533 958 1610; x_wconf 81' lang='lat' dir='ltr'><strong>desit,</strong></span> 
     </span>
     <span class='ocr_line' id='line_1_19' title="bbox 102 1619 959 1704; baseline 0.002 -24"><span class='ocrx_word' id='word_1_130' title='bbox 102 1632 141 1680; x_wconf 90' lang='lat' dir='ltr'><strong>nt</strong></span> <span class='ocrx_word' id='word_1_131' title='bbox 160 1623 285 1704; x_wconf 80' lang='lat' dir='ltr'><strong>expleas</strong></span> <span class='ocrx_word' id='word_1_132' title='bbox 306 1620 363 1696; x_wconf 83' lang='lat' dir='ltr'><strong>id,</strong></span> <span class='ocrx_word' id='word_1_133' title='bbox 383 1621 465 1702; x_wconf 85' lang='lat' dir='ltr'><strong>quod</strong></span> <span class='ocrx_word' id='word_1_134' title='bbox 488 1633 627 1704; x_wconf 60' lang='lat' dir='ltr'><strong>exoptas</strong></span> <span class='ocrx_word' id='word_1_135' title='bbox 647 1621 754 1702; x_wconf 86' lang='lat' dir='ltr'><strong>ltaque</strong></span> <span class='ocrx_word' id='word_1_136' title='bbox 776 1619 861 1680; x_wconf 83' lang='lat' dir='ltr'><strong>istam</strong></span> <span class='ocrx_word' id='word_1_137' title='bbox 885 1641 959 1702; x_wconf 85' lang='lat' dir='ltr'><strong>pau·</strong></span> 
     </span>
     <span class='ocr_line' id='line_1_20' title="bbox 103 1704 958 1788; baseline 0.009 -25"><span class='ocrx_word' id='word_1_138' title='bbox 103 1716 273 1786; x_wconf 84' lang='lat' dir='ltr'><strong>pertatem,</strong></span> <span class='ocrx_word' id='word_1_139' title='bbox 301 1706 350 1765; x_wconf 71' lang='lat' dir='ltr'><strong>uel</strong></span> <span class='ocrx_word' id='word_1_140' title='bbox 371 1706 472 1788; x_wconf 73' lang='lat' dir='ltr'><strong>¹potius</strong></span> <span class='ocrx_word' id='word_1_141' title='bbox 508 1718 693 1788; x_wconf 75' lang='lat' dir='ltr'><strong>egestatem,</strong></span> <span class='ocrx_word' id='word_1_142' title='bbox 719 1727 756 1767; x_wconf 84' lang='lat' dir='ltr'><strong>ae</strong></span> <span class='ocrx_word' id='word_1_143' title='bbox 777 1704 958 1771; x_wconf 74' lang='lat' dir='ltr'><strong>mendicita-</strong></span> 
     </span>
     <span class='ocr_line' id='line_1_21' title="bbox 33 1785 960 1872; baseline 0.009 -24"><span class='ocrx_word' id='word_1_144' title='bbox 33 1866 35 1871; x_wconf 17' lang='lat' dir='ltr'>s</span> <span class='ocrx_word' id='word_1_145' title='bbox 104 1800 170 1848; x_wconf 83' lang='lat' dir='ltr'><strong>tem</strong></span> <span class='ocrx_word' id='word_1_146' title='bbox 193 1785 275 1851; x_wconf 81' lang='lat' dir='ltr'><strong>tuam</strong></span> <span class='ocrx_word' id='word_1_147' title='bbox 297 1810 453 1872; x_wconf 88' lang='lat' dir='ltr'><strong>nunqnam</strong></span> <span class='ocrx_word' id='word_1_148' title='bbox 483 1791 611 1852; x_wconf 85' lang='lat' dir='ltr'><strong>obscure</strong></span> <span class='ocrx_word' id='word_1_149' title='bbox 634 1790 737 1853; x_wconf 89' lang='lat' dir='ltr'><strong>tulisti.</strong></span> <span class='ocrx_word' id='word_1_150' title='bbox 767 1789 901 1871; x_wconf 82' lang='lat' dir='ltr'><strong>ellam,</strong></span> <span class='ocrx_word' id='word_1_151' title='bbox 923 1805 960 1856; x_wconf 89' lang='lat' dir='ltr'><strong>nt</strong></span> 
     </span>
     <span class='ocr_line' id='line_1_22' title="bbox 58 1871 1041 1957; baseline 0.009 -26"><span class='ocrx_word' id='word_1_152' title='bbox 58 1918 60 1921; x_wconf 86' lang='grc'>-</span> <span class='ocrx_word' id='word_1_153' title='bbox 104 1871 163 1949; x_wconf 87' lang='lat' dir='ltr'><strong>iis,</strong></span> <span class='ocrx_word' id='word_1_154' title='bbox 185 1876 238 1956; x_wconf 84' lang='lat' dir='ltr'><strong>qui</strong></span> <span class='ocrx_word' id='word_1_155' title='bbox 259 1876 388 1936; x_wconf 85' lang='lat' dir='ltr'><strong>honeste·</strong></span> <span class='ocrx_word' id='word_1_156' title='bbox 421 1897 484 1934; x_wconf 89' lang='lat' dir='ltr'><strong>rem</strong></span> <span class='ocrx_word' id='word_1_157' title='bbox 521 1889 674 1957; x_wconf 82' lang='lat' dir='ltr'><strong>quaerunt</strong></span> <span class='ocrx_word' id='word_1_158' title='bbox 708 1876 888 1938; x_wconf 78' lang='lat' dir='ltr'><strong>mercaturis</strong></span> <span class='ocrx_word' id='word_1_159' title='bbox 906 1877 957 1939; x_wconf 81' lang='lat' dir='ltr'><strong>la·</strong></span> <span class='ocrx_word' id='word_1_160' title='bbox 1037 1899 1041 1904; x_wconf 81' lang='lat'><em>·</em></span> 
     </span>
     <span class='ocr_line' id='line_1_23' title="bbox 105 1957 1022 2048; baseline 0.011 -32"><span class='ocrx_word' id='word_1_161' title='bbox 105 1957 242 2034; x_wconf 85' lang='lat' dir='ltr'><strong>ciendis,</strong></span> <span class='ocrx_word' id='word_1_162' title='bbox 263 1960 363 2048; x_wconf 86' lang='lat' dir='ltr'><strong>operis</strong></span> <span class='ocrx_word' id='word_1_163' title='bbox 384 1958 512 2034; x_wconf 84' lang='lat' dir='ltr'><strong>dandis,</strong></span> <span class='ocrx_word' id='word_1_164' title='bbox 535 1961 663 2043; x_wconf 83' lang='lat' dir='ltr'><strong>publicis</strong></span> <span class='ocrx_word' id='word_1_165' title='bbox 678 1961 845 2035; x_wconf 76' lang='lat' dir='ltr'><strong>sumendis,</strong></span> <span class='ocrx_word' id='word_1_166' title='bbox 865 1961 957 2023; x_wconf 89' lang='lat' dir='ltr'><strong>intel·</strong></span> <span class='ocrx_word' id='word_1_167' title='bbox 1016 2018 1022 2027; x_wconf 95' lang='lat'><em>.</em></span> 
     </span>
     <span class='ocr_line' id='line_1_24' title="bbox 107 2040 984 2128; baseline 0.015 -30"><span class='ocrx_word' id='word_1_168' title='bbox 107 2040 228 2122; x_wconf 72' lang='lat' dir='ltr'><strong>ligimus</strong></span> <span class='ocrx_word' id='word_1_169' title='bbox 248 2066 322 2127; x_wconf 91' lang='lat' dir='ltr'><strong>opus</strong></span> <span class='ocrx_word' id='word_1_170' title='bbox 344 2066 408 2105; x_wconf 82' lang='lat' dir='ltr'><strong>esse</strong></span> <span class='ocrx_word' id='word_1_171' title='bbox 430 2045 582 2125; x_wconf 83' lang='lat' dir='ltr'><strong>quaesito:</strong></span> <span class='ocrx_word' id='word_1_172' title='bbox 607 2048 648 2106; x_wconf 87' lang='lat' dir='ltr'><strong>sic</strong></span> <span class='ocrx_word' id='word_1_173' title='bbox 681 2044 734 2128; x_wconf 91' lang='lat' dir='ltr'><strong>qui</strong></span> <span class='ocrx_word' id='word_1_174' title='bbox 767 2046 958 2110; x_wconf 80' lang='lat' dir='ltr'><strong>videt‘domi</strong></span> <span class='ocrx_word' id='word_1_175' title='bbox 982 2103 984 2111; x_wconf 94' lang='lat'>.</span> 
     </span>
     <span class='ocr_line' id='line_1_25' title="bbox 107 2127 957 2212; baseline 0.012 -29"><span class='ocrx_word' id='word_1_176' title='bbox 107 2137 181 2184; x_wconf 87' lang='lat' dir='ltr'><strong>tuae</strong></span> <span class='ocrx_word' id='word_1_177' title='bbox 203 2127 315 2206; x_wconf 76' lang='lat' dir='ltr'><strong>pariter</strong></span> <span class='ocrx_word' id='word_1_178' title='bbox 348 2142 578 2204; x_wconf 84' lang='lat' dir='ltr'><strong>accusatorum,</strong></span> <span class='ocrx_word' id='word_1_179' title='bbox 606 2142 700 2212; x_wconf 86' lang='lat' dir='ltr'><strong>atque</strong></span> <span class='ocrx_word' id='word_1_180' title='bbox 727 2129 957 2193; x_wconf 74' lang='lat' dir='ltr'><strong>iudicum‘con·</strong></span> 
     </span>
     <span class='ocr_line' id='line_1_26' title="bbox 107 2210 959 2299; baseline 0.012 -31"><span class='ocrx_word' id='word_1_181' title='bbox 107 2210 240 2271; x_wconf 81' lang='lat' dir='ltr'><strong>sociatos</strong></span> <span class='ocrx_word' id='word_1_182' title='bbox 254 2234 354 2295; x_wconf 81' lang='lat' dir='ltr'><strong>greges</strong></span> <span class='ocrx_word' id='word_1_183' title='bbox 367 2237 381 2289; x_wconf 66' lang='grc' dir='ltr'><strong><em>ς</em></strong></span> <span class='ocrx_word' id='word_1_184' title='bbox 394 2214 447 2294; x_wconf 87' lang='lat' dir='ltr'><strong>qui</strong></span> <span class='ocrx_word' id='word_1_185' title='bbox 463 2225 625 2292; x_wconf 80' lang='lat' dir='ltr'><strong>nocentes,</strong></span> <span class='ocrx_word' id='word_1_186' title='bbox 648 2228 679 2276; x_wconf 91' lang='lat' dir='ltr'><strong>et</strong></span> <span class='ocrx_word' id='word_1_187' title='bbox 693 2216 870 2299; x_wconf 85' lang='lat' dir='ltr'><strong>pecuniosos</strong></span> <span class='ocrx_word' id='word_1_188' title='bbox 891 2240 959 2280; x_wconf 90' lang='lat' dir='ltr'><strong>reos</strong></span> 
     </span>
     <span class='ocr_line' id='line_1_27' title="bbox 107 2294 958 2382; baseline 0.009 -29"><span class='ocrx_word' id='word_1_189' title='bbox 107 2294 219 2355; x_wconf 87' lang='lat' dir='ltr'><strong>eodem</strong></span> <span class='ocrx_word' id='word_1_190' title='bbox 240 2307 270 2356; x_wconf 91' lang='lat' dir='ltr'><strong>te</strong></span> <span class='ocrx_word' id='word_1_191' title='bbox 291 2309 414 2358; x_wconf 89' lang='lat' dir='ltr'><strong>auctore</strong></span> <span class='ocrx_word' id='word_1_192' title='bbox 435 2298 640 2382; x_wconf 82' lang='lat' dir='ltr'><strong>corruptelam</strong></span> <span class='ocrx_word' id='word_1_193' title='bbox 661 2300 766 2362; x_wconf 91' lang='lat' dir='ltr'><strong>iudicii</strong></span> <span class='ocrx_word' id='word_1_194' title='bbox 788 2302 958 2376; x_wconf 67' lang='lat' dir='ltr'><strong>molientess</strong></span> 
     </span>
     <span class='ocr_line' id='line_1_28' title="bbox 106 2380 958 2467; baseline 0.008 -29"><span class='ocrx_word' id='word_1_195' title='bbox 106 2380 164 2459; x_wconf 88' lang='lat' dir='ltr'><strong>qui</strong></span> <span class='ocrx_word' id='word_1_196' title='bbox 185 2392 250 2439; x_wconf 81' lang='lat' dir='ltr'><strong>tuas</strong></span> <span class='ocrx_word' id='word_1_197' title='bbox 268 2380 445 2444; x_wconf 82' lang='lat' dir='ltr'><strong>mercedum</strong></span> <span class='ocrx_word' id='word_1_198' title='bbox 467 2384 620 2463; x_wconf 81' lang='lat' dir='ltr'><strong>pactiones</strong></span> <span class='ocrx_word' id='word_1_199' title='bbox 641 2385 672 2445; x_wconf 87' lang='lat' dir='ltr'><strong>in</strong></span> <span class='ocrx_word' id='word_1_200' title='bbox 694 2385 888 2467; x_wconf 78' lang='lat' dir='ltr'><strong>patrociniis,</strong></span> <span class='ocrx_word' id='word_1_201' title='bbox 910 2384 958 2444; x_wconf 83' lang='lat' dir='ltr'><strong>iu·</strong></span> 
     </span>
     <span class='ocr_line' id='line_1_29' title="bbox 42 2465 958 2541; baseline 0.007 -19"><span class='ocrx_word' id='word_1_202' title='bbox 42 2486 52 2515; x_wconf 65' lang='lat' dir='ltr'><em>s</em></span> <span class='ocrx_word' id='word_1_203' title='bbox 109 2465 304 2526; x_wconf 82' lang='lat' dir='ltr'><strong>tereessiones</strong></span> <span class='ocrx_word' id='word_1_204' title='bbox 370 2467 528 2528; x_wconf 76' lang='lat' dir='ltr'><strong>curiarum</strong></span> <span class='ocrx_word' id='word_1_205' title='bbox 549 2469 580 2528; x_wconf 90' lang='lat' dir='ltr'><strong>in</strong></span> <span class='ocrx_word' id='word_1_206' title='bbox 614 2469 793 2541; x_wconf 80' lang='lat' dir='ltr'><strong>coitionibus</strong></span> <span class='ocrx_word' id='word_1_207' title='bbox 813 2467 958 2529; x_wconf 84' lang='lat' dir='ltr'><strong>candida·</strong></span> 
     </span>
     <span class='ocr_line' id='line_1_30' title="bbox 110 2548 957 2625; baseline 0.007 -19"><span class='ocrx_word' id='word_1_208' title='bbox 110 2559 235 2625; x_wconf 78' lang='lat' dir='ltr'><strong>torum,</strong></span> <span class='ocrx_word' id='word_1_209' title='bbox 264 2548 287 2608; x_wconf 76' lang='lat' dir='ltr'><strong>d</strong></span> <span class='ocrx_word' id='word_1_210' title='bbox 340 2551 503 2610; x_wconf 79' lang='lat' dir='ltr'><strong>‘missiones</strong></span> <span class='ocrx_word' id='word_1_211' title='bbox 529 2552 706 2615; x_wconf 85' lang='lat' dir='ltr'><strong>libertorum</strong></span> <span class='ocrx_word' id='word_1_212' title='bbox 739 2551 777 2613; x_wconf 82' lang='lat' dir='ltr'><strong>ad</strong></span> <span class='ocrx_word' id='word_1_213' title='bbox 811 2551 957 2612; x_wconf 86' lang='lat' dir='ltr'><strong>deloene·</strong></span> 
     </span>
     <span class='ocr_line' id='line_1_31' title="bbox 108 2631 959 2723; baseline 0.008 -33"><span class='ocrx_word' id='word_1_214' title='bbox 108 2631 218 2691; x_wconf 84' lang='lat' dir='ltr'><strong>randas</strong></span> <span class='ocrx_word' id='word_1_215' title='bbox 229 2632 475 2717; x_wconf 76' lang='lat' dir='ltr'><strong>diripiendasque</strong></span> <span class='ocrx_word' id='word_1_216' title='bbox 489 2638 680 2721; x_wconf 75' lang='lat' dir='ltr'><strong>provincias:</strong></span> <span class='ocrx_word' id='word_1_217' title='bbox 696 2637 749 2718; x_wconf 90' lang='lat' dir='ltr'><strong>qni</strong></span> <span class='ocrx_word' id='word_1_218' title='bbox 768 2636 959 2723; x_wconf 81' lang='lat' dir='ltr'><strong>expulsiones</strong></span> 
     </span>
    </p>
   </div>
   <div class='ocr_carea' id='block_1_2' title="bbox 110 2795 303 2857">
    <p class='ocr_par' dir='ltr' id='par_1_3' title="bbox 110 2795 303 2857">
     <span class='ocr_line' id='line_1_32' title="bbox 110 2795 303 2857; baseline 0 -7"><span class='ocrx_word' id='word_1_219' title='bbox 110 2815 129 2857; x_wconf 79' lang='lat' dir='ltr'><em>a</em></span> <span class='ocrx_word' id='word_1_220' title='bbox 147 2795 303 2851; x_wconf 81' lang='lat' dir='ltr'><strong>Conclusio.</strong></span> 
     </span>
    </p>
   </div>
   <div class='ocr_carea' id='block_1_3' title="bbox 109 2830 772 2947">
    <p class='ocr_par' dir='ltr' id='par_1_4' title="bbox 109 2830 772 2947">
     <span class='ocr_line' id='line_1_33' title="bbox 109 2830 772 2947; baseline 0.015 -33"><span class='ocrx_word' id='word_1_221' title='bbox 109 2860 127 2915; x_wconf 77' lang='lat' dir='ltr'><em>b</em></span> <span class='ocrx_word' id='word_1_222' title='bbox 142 2863 232 2935; x_wconf 84' lang='lat' dir='ltr'><strong>Quem</strong></span> <span class='ocrx_word' id='word_1_223' title='bbox 250 2866 362 2918; x_wconf 79' lang='lat' dir='ltr'><strong>divitem</strong></span> <span class='ocrx_word' id='word_1_224' title='bbox 378 2869 530 2934; x_wconf 83' lang='lat' dir='ltr'><strong>appellabat</strong></span> <span class='ocrx_word' id='word_1_225' title='bbox 546 2830 686 2922; x_wconf 74' lang='lat' dir='ltr'><strong>Crassus·</strong></span> <span class='ocrx_word' id='word_1_226' title='bbox 761 2918 772 2947; x_wconf 60' lang='lat'>‚</span> 
     </span>
    </p>
   </div>
   <div class='ocr_carea' id='block_1_4' title="bbox 110 2932 789 2990">
    <p class='ocr_par' dir='ltr' id='par_1_5' title="bbox 110 2932 789 2990">
     <span class='ocr_line' id='line_1_34' title="bbox 110 2932 789 2990; baseline 0.01 -10"><span class='ocrx_word' id='word_1_227' title='bbox 110 2948 126 2980; x_wconf 87' lang='lat' dir='ltr'><strong>c</strong></span> <span class='ocrx_word' id='word_1_228' title='bbox 144 2932 269 2982; x_wconf 86' lang='lat' dir='ltr'><strong>Declarat</strong></span> <span class='ocrx_word' id='word_1_229' title='bbox 287 2934 345 2985; x_wconf 84' lang='lat' dir='ltr'><strong>reni</strong></span> <span class='ocrx_word' id='word_1_230' title='bbox 361 2935 475 2989; x_wconf 79' lang='lat' dir='ltr'><strong>admista</strong></span> <span class='ocrx_word' id='word_1_231' title='bbox 494 2938 679 2990; x_wconf 85' lang='lat' dir='ltr'><strong>similitudine.</strong></span> <span class='ocrx_word' id='word_1_232' title='bbox 721 2980 723 2983; x_wconf 88' lang='lat'><em>.</em></span> <span class='ocrx_word' id='word_1_233' title='bbox 779 2962 789 2987; x_wconf 69' lang='lat' dir='ltr'><em>s</em></span> 
     </span>
    </p>
   </div>
   <div class='ocr_carea' id='block_1_5' title="bbox 110 2996 732 3083">
    <p class='ocr_par' dir='ltr' id='par_1_6' title="bbox 110 2996 732 3083">
     <span class='ocr_line' id='line_1_35' title="bbox 110 2996 732 3083; baseline 0.016 -32"><span class='ocrx_word' id='word_1_234' title='bbox 110 2996 131 3051; x_wconf 78' lang='lat' dir='ltr'><strong>d</strong></span> <span class='ocrx_word' id='word_1_235' title='bbox 144 2998 342 3070; x_wconf 68' lang='lat' dir='ltr'><strong>Dionaeae,</strong></span> <span class='ocrx_word' id='word_1_236' title='bbox 360 2999 542 3072; x_wconf 69' lang='lat' dir='ltr'><strong>indivers&#39;um</strong></span> <span class='ocrx_word' id='word_1_237' title='bbox 559 3006 707 3063; x_wconf 63' lang='lat' dir='ltr'><strong>missiones·</strong></span> <span class='ocrx_word' id='word_1_238' title='bbox 728 3076 732 3083; x_wconf 68' lang='lat'><em>,</em></span> 
     </span>
    </p>
   </div>
   <div class='ocr_carea' id='block_1_6' title="bbox 0 0 1193 3567">
    <p class='ocr_par' dir='ltr' id='par_1_7' title="bbox 0 0 1193 3567">
     <span class='ocr_line' id='line_1_36' title="bbox 0 0 1193 3567; baseline 0 0"><span class='ocrx_word' id='word_1_239' title='bbox 0 0 1193 3567; x_wconf 95' lang='lat' dir='ltr'><strong> </strong></span> 
     </span>
    </p>
   </div>
  </div>
 </body>
</html>
