2359 3567
219 178 246 258 Ι8
396 198 428 237 u.
445 199 477 236 r.
501 197 597 237 ercan.
615 199 650 236 nn
675 198 770 240 orric.

185 266 332 347 sophiae,
349 271 474 344 propter
497 282 650 332 summam
673 275 703 321 et
715 262 1033 325 doctoris-auctorita·
1050 262 1055 270 ’

178 358 271 422 tem,
295 358 325 405 et
348 346 450 420 urhis,
475 367 605 426 quorum
629 345 705 408 alter
722 358 750 404 te
772 345 897 405 scientia
921 369 1039 426 angere

184 443 307 512 potest,
326 431 418 490 altera
435 428 583 511 exemplis
596 437 614 488 ‘zr
628 441 729 488 tamen
747 441 781 488 ut
797 428 862 510 ipse
876 428 914 488 arl
931 441 1034 489 ineam

186 507 349 580 utilitatem
363 534 481 594 semper
497 535 566 571 curn
583 512 710 571 Graecis
725 509 836 570 Latina
859 511 1005 592 conjunxi
1025 536 1036 588 ς
1090 567 1095 582 Α

186 619 287 681 neque
319 598 352 656 id
375 599 406 657 in
431 594 627 678 philosophia
648 595 772 668 solu'tn,
808 594 859 653 sed
884 597 974 653 etiam
999 596 1034 654 in

187 680 313 739 dicendi
335 681 554 740 exercitatione
575 678 655 752 leci3
680 678 761 737 idem
785 678 839 736 tibi
856 677 1038 736 laciendum
1078 690 1091 702 ’

187 786 320 841 censeo,
344 778 377 823 ut
400 786 454 846 par
476 764 516 822 sis
539 765 572 824 in
587 764 747 842 utriusque
770 761 917 820 orationis
940 761 1037 820 sacul-

189 860 262 908 tate.
285 851 384 925 Quam
409 846 533 927 quidem
549 846 552 851 ’
567 846 606 905 ad
630 868 692 904 rem
716 866 787 917 nos,
822 856 856 902 n't
876 843 1036 918 videmur,

160 989 173 1006 N
189 954 332 1013 magnum
356 932 515 992 attulimus
543 929 754 990 ad'nmentum
784 916 958 986 hominibus
980 930 1038 985 no·

188 1019 280 1093 stris,
316 1028 349 1076 ut
371 1037 432 1076 non
456 1013 546 1073 modo
570 953 759 1071 (lraecarum
790 1011 1035 1069 lite'rarumru-

188 1101 252 1176 des,
276 1101 328 1162 sed
352 1102 443 1159 etiam
466 1095 549 1156 docti
571 1096 762 1176 aliquantum
786 1111 826 1151 se‘
846 1093 1039 1151 arbitrentur
1106 1133 1109 1136 =

172 1185 314 1267 ,adeptos
337 1198 367 1242 et
389 1183 428 1252 ad
449 1180 628 1252 dicendum,
653 1191 683 1236 et
705 1178 744 1236 ad
767 1177 981 1258 judicandum,
1015 1198 1039 1233 a

188 1269 396 1346 Quamobrem
419 1266 515 1325 disces
538 1278 571 1323 tn
595 1261 719 1343 quidem
743 1262 922 1341 aprincipe
945 1258 1038 1337 hujus

189 1355 296 1424 aetatis
318 1349 596 1437 philosophorum:
631 1359 662 1403 et
683 1345 801 1418 disces,
824 1342 963 1423 quandiu
986 1360 1039 1398 vo·

132 1445 136 1450 “
189 1435 258 1498 les:
298 1435 405 1498 tandiu
435 1429 650 1508 autemuelle
673 1428 818 1501 debebis,
855 1424 957 1506 quoad
980 1437 1039 1499 te,

188 1527 339 1601 quantum
376 1517 534 1600 proficias,
566 1536 627 1571 non
650 1503 829 1593 poenitebit.
852 1510 911 1567 Sed
936 1522 1039 1567 tamon

187 1617 294 1665 nostra
330 1605 456 1682 legens,
506 1617 568 1658 non
602 1596 734 1656 multum
767 1613 789 1652 ‘a
824 1591 1041 1674 Peripateticis
1126 1649 1129 1656 ,

189 1683 390 1750 flissidentia:
423 1683 569 1764 quoniam
600 1680 616 1738 b
650 1679 772 1759 utrique
811 1689 848 1734 et*
870 1674 1041 1753 Socratici,
1095 1713 1097 1716 -

59 1846 62 1854 ,
98 1804 100 1807 ⁴
189 1774 225 1833 'et
245 1770 398 1833 Platonici
421 1764 666 1825 essevolumus:
689 1761 727 1819 ‹le
751 1760 840 1819 rebus
862 1759 932 1840 ipsis
954 1769 1044 1814 utere

194 1870 247 1917 tuo
270 1856 407 1938 jndicio:
446 1849 525 1911 nihil
554 1850 635 1907 enim
670 1843 834 1925 impedio,
869 1840 1043 1900 orationem

96 1959 100 1962 '
142 1951 161 1990 ί
193 1944 298 2002 aunem
329 1937 470 1998 Latinam
504 1931 641 2013 prolecto
676 1924 811 2007 legendis
847 1911 1045 1982 nostris‘effi-

159 2052 163 2058 ¹
193 2025 254 2102 cies
292 2022 473 2106 pleniorem.
506 2014 569 2075 Nee
600 2034 672 2072 vero
694 2020 871 2088 arroganter
909 2006 967 2066 hoe
995 2002 1045 2062 di-

193 2121 277 2180 etum
292 2104 458 2168 existimari
476 2099 580 2159 velim.
603 2096 679 2157 Nam
695 2090 931 2176 philosophandi
945 2085 1045 2147 scien-

172 2182 273 2268 ¹,tiam
295 2187 467 2252 concedens
491 2184 615 2254 multis;
646 2177 728 2260 quod
752 2188 795 2235 est
818 2174 946 2256 oratoris
968 2191 1062 2253 pro·.

190 2276 321 2361 prium,
359 2284 448 2354 apte,
483 2268 647 2336 distinete,
685 2273 793 2320 ornate
814 2257 934 2331 dicere,
964 2274 1045 2334 qno.-

197 2363 281 2420 niam
316 2360 348 2418 in
379 2359 416 2414 eo
442 2350 550 2410 studio
585 2359 714 2426 aetatem
748 2341 923 2422 consumsi,
944 2338 981 2396 'si
1011 2336 1045 2394 id

198 2445 276 2504 mihi
296 2461 441 2511 assumo,
459 2434 569 2493 uideor
586 2432 622 2490 id
639 2452 707 2489 men
729 2418 1051 2508 jure‘quodammodo

199 2527 370 2590 vindicare.
388 2516 596 2597 Quamobrem
610 2530 794 2592 magnopere
811 2520 841 2567 te
854 2508 979 2578 hortor,
1002 2504 1049 2580 mi

141 2680 146 2690 Ι
200 2611 336 2683 Cicero,
359 2619 476 2665 utnon
501 2600 598 2659 solum
622 2598 773 2656 orationes
795 2612 876 2650 meas
892 2636 901 2663 ,
916 2589 967 2647 sed
991 2586 1051 2645 hos
1074 2646 1080 2654 ,
1107 2584 1116 2592 ”

200 2696 292 2755 etiam
330 2691 368 2750 de
402 2684 598 2770 philosophia
644 2680 761 2750 libros,
799 2675 851 2755 qui
888 2668 1054 2745 iarnh‘illo's

160 2789 164 2810 '
202 2781 266 2840 lere
290 2782 486 2858 aequarunt,
517 2765 649 2840 studiose
685 2761 777 2842 legas.
811 2755 865 2816 Vis
887 2756 968 2813 enim
1001 2751 1056 2811 di-

203 2950 217 2980 a
235 2928 333 2978 Dicere
352 2921 481 2975 oratoris:
501 2912 630 2985 judicium
648 2925 736 2960 rerum
754 2903 912 2973 philosophi.

204 2995 370 3062 bUtrique,
400 2988 487 3047 idest,
516 2992 563 3046 tu,
583 2980 630 3048 qui
648 2976 837 3041 Peripateticos
868 2967 1006 3042 sequeris,
1025 2973 1057 3017 et

199 3093 205 3110 -.
272 3078 319 3125 ego
331 3083 348 3122 ,-
358 3056 404 3126 qui
421 3050 598 3105 Academicus
616 3062 682 3095 sum.
700 3042 769 3110 Nam
780 3041 865 3103 olim,
883 3037 929 3106 qui
942 3036 1057 3101 Perrpa*

272 3128 365 3193 tc'tici,
383 3122 465 3175 iidem
484 3127 509 3171 ct
525 3111 679 3174 Academici
697 3115 782 3162 erant.

439 3241 448 3268 t
