2359 3567
185 266 252 362 td·l
310 303 315 323 ²
370 321 402 364 n.
423 320 451 363 r.
474 318 567 364 crona.
589 325 626 364 nr.
647 320 739 366 orric.

138 382 226 462 Qnae
248 381 299 466 qni
322 383 434 458 tollunt
453 389 543 448 etiam
571 387 713 449 adversus
742 388 823 449 Deos
854 386 978 451 immor·
1012 449 1018 459 ,

140 468 215 527 tales
236 468 320 553 impii
342 469 492 532 iudicandi
515 485 601 533 sunt:
634 474 673 532 ab
695 473 731 533 iis
763 475 842 535 enirn
865 472 978 535 consti-

139 561 233 612 tutam
255 553 333 616 inter
369 554 503 617 homines
524 557 692 618 societatem
719 570 865 619 evertunt.
887 560 981 618 Cuius

137 635 286 699 societatis
307 639 500 702 arctissimum
523 642 674 710 vinculum
696 655 765 719 est,
788 642 879 722 magis
900 642 981 702 arbi·

138 721 209 779 trari
231 744 294 783 esse
315 736 421 785 contra
441 739 577 787 naturam
594 773 602 802 ,
619 728 776 786 hominem¹
786 726 899 786 homini
922 726 978 786 de·

129 803 253 866 trahere
275 808 320 867 sui
355 811 502 871 commodi
534 832 659 887 caussa,
694 833 785 892 quarn
806 811 906 873 omnia
928 812 978 869 in·

128 892 290 951 commoda
313 892 412 953 subire
437 894 482 953 rel
516 909 655 969 externa,
690 897 734 955 rel
758 897 909 976 corporis,
930 893 979 954 vel

125 971 225 1032 etiam
248 975 338 1058 ipsius
372 979 487 1054 animi,
518 1001 597 1062 quae
626 1001 686 1038 non
721 993 825 1039 vacent
852 979 978 1041 iustitia.

133 1054 216 1117 Haeo
238 1062 318 1121 enim
341 1085 400 1124 una
422 1065 515 1123 rirtns
541 1066 676 1125 omniurn
710 1077 754 1124 est
779 1062 924 1138 domina,
946 1076 978 1125 et

92 1202 94 1209 χ
126 1140 233 1220 regina
248 1146 399 1213 virtutum.
416 1148 553 1209 Forsitan
567 1148 713 1232 quispiam
730 1147 857 1220 dixerit,
876 1160 977 1209 nonne

132 1223 225 1309 igitur
248 1234 386 1314 sapiens,
410 1235 433 1293 si
456 1236 533 1295 l'amc
555 1235 619 1317 ipse
641 1232 826 1307 conficiatur,
843 1232 976 1293 abstule-

131 1310 173 1370 rit
195 1313 295 1376 cibum
318 1319 404 1380 alteri
440 1317 554 1378 homini
590 1321 627 1378 ad
653 1315 770 1377 nnllarn
791 1316 852 1376 iem
881 1316 977 1377 utili?

122 1394 255 1461 Minime
278 1425 357 1466 vcro.
380 1403 444 1465 Non
468 1404 547 1462 enirn
570 1404 643 1463 mibi
676 1413 720 1460 est
743 1400 802 1460 vita
824 1423 891 1460 mea
914 1402 976 1461 uti·

123 1478 213 1560 lior,
249 1509 338 1569 qnam
372 1488 463 1547 animi
501 1487 567 1547 talis
600 1485 742 1561 affectio,
770 1485 920 1546 neminem
943 1500 978 1546 ut

133 1564 240 1629 violem
264 1571 413 1632 commodi
437 1570 494 1631 mei
516 1575 620 1654 gratia.
641 1569 744 1648 Quid?
769 1571 792 1628 si
814 1564 977 1653 ‘Phalarim

132 1652 283 1715 crudelem
318 1670 495 1739 tyrannum,
531 1671 561 1718 ct
596 1656 755 1716 immanem
784 1654 976 1732 virbonus,

132 1757 170 1795 ne
192 1737 256 1820 ipso
279 1738 385 1823 frigore
407 1739 606 1816 conficiatur,
628 1740 733 1801 vestitu
756 1738 885 1824 spoliare
906 1760 975 1820 pos-

119 1821 190 1896 ·sit,
214 1844 312 1885 nonne
335 1825 447 1886 saciat?
469 1825 550 1886 Haec
572 1823 817 1886 adiudicandum
835 1819 909 1882 'sont
931 1822 977 1882 la·

133 1905 258 1971 cillima.
280 1934 299 1970 a
322 1910 397 1970 Nam
421 1910 444 1970 si
478 1909 551 1992 quid
586 1910 624 1969 ab
657 1909 777 1971 homine
798 1907 835 1966 ad
860 1906 978 1967 nullam

131 2005 247 2072 partem
272 1994 338 2056 utili
369 2008 437 2055 tuae
471 1995 609 2056 utilitatis
641 2016 758 2067 caussa,
791 1990 977 2069 detraxeris,

131 2075 295 2141 inhumane
316 2080 417 2140 leceris
452 2093 616 2161 contraque
639 2092 761 2139 naturae
789 2075 906 2158 legem:
929 2077 978 2137 sin

103 2172 230 2219 sautem
254 2164 279 2223 is
302 2177 333 2226 tu
356 2164 415 2240 sis,
450 2165 502 2244 qui
532 2165 656 2225 multam
690 2162 849 2222 utilitatem
871 2160 975 2242 reipu-

130 2242 226 2304 blicae
248 2260 338 2331 atque
360 2248 517 2309 hominnm
549 2247 704 2324 societati,
734 2247 758 2305 si
791 2244 822 2304 in
845 2244 903 2303 vita
925 2266 976 2304 re-

129 2348 273 2406 maneas,
297 2327 405 2394 afferre
428 2334 541 2416 possis,
564 2334 588 2411 si
611 2330 686 2413 qnid
708 2331 828 2390 obeam
850 2349 973 2390 causam

130 2410 218 2472 alteri
241 2415 424 2493 detraxeris,
447 2419 563 2479 nonsit
599 2410 902 2499 reprehendendum:
926 2413 974 2475 sin

128 2509 228 2557 antem
250 2499 281 2561 id
304 2525 364 2562 non
387 2503 425 2564 sit
441 2503 585 2563 eiusmodi
599 2549 608 2578 ,
621 2521 707 2560 suurn
729 2500 838 2579 cuique
860 2496 975 2558 incom-

116 2579 250 2644 modum
274 2584 427 2647 serendum
449 2599 492 2646 est
512 2588 633 2669 potius,
667 2605 757 2667 quarn
780 2582 818 2641 de
846 2582 973 2644 alterius

113 2668 290 2729 commodis
323 2670 549 2732 detrahendum.
589 2670 655 2730 Non
689 2669 779 2750 igitur
813 2667 905 2748 magis
925 2678 973 2727 est

116 2761 228 2812 'contra
252 2768 386 2815 naturam
419 2756 562 2828 morbus,
596 2766 648 2814 ant
682 2765 792 2833 egestas
820 2764 872 2810 aut
894 2749 971 2832 quid

127 2832 318 2914 huiusmodi,
341 2862 430 2922 quarn
453 2839 619 2911 detractio,
634 2850 687 2896 ant
702 2835 844 2918 appetitio
866 2835 969 2896 alieni.
999 2894 1004 2899 .

113 2914 184 2976 'Sed
199 2924 365 2999 communis
380 2924 515 2984 utilitatis
537 2922 690 2982 derelictio
711 2933 816 2980 contra
829 2930 970 2981 naturam

117 3130 144 3171 ,a
160 3112 271 3169 Homini
289 3117 322 3166 ad
339 3116 408 3167 nihil
427 3117 490 3168 utili
507 3116 646 3168 detrahere
664 3115 748 3179 licet,
768 3116 791 3169 si
808 3131 840 3169 eo
858 3119 968 3186 specte

194 3186 225 3231 ut
241 3181 362 3237 societati
378 3184 485 3255 prosis,
504 3200 567 3239 non-
577 3182 686 3255 proprie
705 3184 764 3238 tibi.
