<?xml version="1.0" encoding="UTF-8"?>
<!DOCTYPE html PUBLIC "-//W3C//DTD XHTML 1.0 Transitional//EN"
    "http://www.w3.org/TR/xhtml1/DTD/xhtml1-transitional.dtd">
<html xmlns="http://www.w3.org/1999/xhtml" xml:lang="en" lang="en">
 <head>
  <title>
</title>
<meta http-equiv="Content-Type" content="text/html;charset=utf-8" />
  <meta name='ocr-system' content='tesseract 3.04.00' />
  <meta name='ocr-capabilities' content='ocr_page ocr_carea ocr_par ocr_line ocrx_word'/>
</head>
<body>
  <div class='ocr_page' id='page_1' title='image "./mtulliiciceroni114cicegoog/mtulliiciceroni114cicegoog_0233.png"; bbox 0 0 2359 3567; ppageno 0'>
   <div class='ocr_carea' id='block_1_1' title="bbox 103 247 1027 909">
    <p class='ocr_par' dir='ltr' id='par_1_1' title="bbox 103 247 1027 909">
     <span class='ocr_line' id='line_1_1' title="bbox 411 247 1027 329; baseline 0 -17"><span class='ocrx_word' id='word_1_1' title='bbox 411 271 458 312; x_wconf 78' lang='lat' dir='ltr'><strong>ser</strong></span> <span class='ocrx_word' id='word_1_2' title='bbox 481 269 518 309; x_wconf 84' lang='lat' dir='ltr'><strong>on</strong></span> <span class='ocrx_word' id='word_1_3' title='bbox 541 247 696 312; x_wconf 78' lang='lat' dir='ltr'><strong>senncrsre</strong></span> <span class='ocrx_word' id='word_1_4' title='bbox 877 249 977 329; x_wconf 54' lang='lat'><strong>2551</strong></span> <span class='ocrx_word' id='word_1_5' title='bbox 1021 302 1027 325; x_wconf 51' lang='lat' dir='ltr'><em>s</em></span> 
     </span>
     <span class='ocr_line' id='line_1_2' title="bbox 134 331 981 416; baseline 0 -21"><span class='ocrx_word' id='word_1_6' title='bbox 134 355 200 400; x_wconf 88' lang='lat' dir='ltr'><strong>sum</strong></span> <span class='ocrx_word' id='word_1_7' title='bbox 223 331 319 395; x_wconf 81' lang='lat' dir='ltr'><strong>levari</strong></span> <span class='ocrx_word' id='word_1_8' title='bbox 341 331 433 392; x_wconf 69' lang='lat' dir='ltr'><strong>volox</strong></span> <span class='ocrx_word' id='word_1_9' title='bbox 469 332 524 393; x_wconf 87' lang='lat' dir='ltr'><strong>etsi</strong></span> <span class='ocrx_word' id='word_1_10' title='bbox 549 346 577 394; x_wconf 91' lang='lat' dir='ltr'><strong>te</strong></span> <span class='ocrx_word' id='word_1_11' title='bbox 599 334 726 416; x_wconf 83' lang='lat' dir='ltr'><strong>quidem</strong></span> <span class='ocrx_word' id='word_1_12' title='bbox 747 331 779 395; x_wconf 89' lang='lat' dir='ltr'><strong>id</strong></span> <span class='ocrx_word' id='word_1_13' title='bbox 801 332 922 395; x_wconf 88' lang='lat' dir='ltr'><strong>modice</strong></span> <span class='ocrx_word' id='word_1_14' title='bbox 943 354 981 395; x_wconf 80' lang='lat' dir='ltr'><strong>nc</strong></span> 
     </span>
     <span class='ocr_line' id='line_1_3' title="bbox 134 417 980 500; baseline 0.001 -22"><span class='ocrx_word' id='word_1_15' title='bbox 134 420 316 500; x_wconf 77' lang='lat' dir='ltr'><strong>sapienter,</strong></span> <span class='ocrx_word' id='word_1_16' title='bbox 348 417 425 477; x_wconf 88' lang='lat' dir='ltr'><strong>sicut</strong></span> <span class='ocrx_word' id='word_1_17' title='bbox 452 417 553 476; x_wconf 81' lang='lat' dir='ltr'><strong>omnia</strong></span> <span class='ocrx_word' id='word_1_18' title='bbox 583 431 614 477; x_wconf 86' lang='lat' dir='ltr'><strong>et</strong></span> <span class='ocrx_word' id='word_1_19' title='bbox 648 418 751 494; x_wconf 80' lang='lat' dir='ltr'><strong>serre,</strong></span> <span class='ocrx_word' id='word_1_20' title='bbox 780 429 814 477; x_wconf 83' lang='lat' dir='ltr'><strong>ct</strong></span> <span class='ocrx_word' id='word_1_21' title='bbox 844 417 980 480; x_wconf 79' lang='lat' dir='ltr'><strong>laturum</strong></span> 
     </span>
     <span class='ocr_line' id='line_1_4' title="bbox 135 500 980 582; baseline -0.001 -20"><span class='ocrx_word' id='word_1_22' title='bbox 135 525 199 563; x_wconf 86' lang='lat' dir='ltr'><strong>esse</strong></span> <span class='ocrx_word' id='word_1_23' title='bbox 221 514 305 560; x_wconf 87' lang='lat' dir='ltr'><strong>certe</strong></span> <span class='ocrx_word' id='word_1_24' title='bbox 327 500 400 562; x_wconf 86' lang='lat' dir='ltr'><strong>seio.</strong></span> <span class='ocrx_word' id='word_1_25' title='bbox 422 500 482 561; x_wconf 87' lang='lat' dir='ltr'><strong>Sed</strong></span> <span class='ocrx_word' id='word_1_26' title='bbox 505 500 580 572; x_wconf 84' lang='lat' dir='ltr'><strong>mihi</strong></span> <span class='ocrx_word' id='word_1_27' title='bbox 593 546 603 572; x_wconf 91' lang='lat'><em>,</em></span> <span class='ocrx_word' id='word_1_28' title='bbox 635 523 730 582; x_wconf 88' lang='lat' dir='ltr'><strong>quum</strong></span> <span class='ocrx_word' id='word_1_29' title='bbox 757 502 796 562; x_wconf 87' lang='lat' dir='ltr'><strong>de</strong></span> <span class='ocrx_word' id='word_1_30' title='bbox 822 513 980 563; x_wconf 81' lang='lat' dir='ltr'><strong>senectute</strong></span> 
     </span>
     <span class='ocr_line' id='line_1_5' title="bbox 103 583 1016 667; baseline 0.002 -21"><span class='ocrx_word' id='word_1_31' title='bbox 103 585 256 667; x_wconf 65' lang='lat' dir='ltr'><strong>“aliquid</strong></span> <span class='ocrx_word' id='word_1_32' title='bbox 277 583 386 645; x_wconf 74' lang='lat' dir='ltr'><strong>vellem</strong></span> <span class='ocrx_word' id='word_1_33' title='bbox 409 585 568 659; x_wconf 84' lang='lat' dir='ltr'><strong>scrihere,</strong></span> <span class='ocrx_word' id='word_1_34' title='bbox 607 598 638 647; x_wconf 89' lang='lat' dir='ltr'><strong>tn</strong></span> <span class='ocrx_word' id='word_1_35' title='bbox 670 584 850 646; x_wconf 82' lang='lat' dir='ltr'>occurrebas</span> <span class='ocrx_word' id='word_1_36' title='bbox 871 584 981 667; x_wconf 77' lang='lat' dir='ltr'><strong>dignus</strong></span> <span class='ocrx_word' id='word_1_37' title='bbox 1010 616 1016 629; x_wconf 85' lang='lat'><strong>·</strong></span> 
     </span>
     <span class='ocr_line' id='line_1_6' title="bbox 135 668 981 751; baseline 0.005 -23"><span class='ocrx_word' id='word_1_38' title='bbox 135 692 172 728; x_wconf 86' lang='lat' dir='ltr'><strong>eo</strong></span> <span class='ocrx_word' id='word_1_39' title='bbox 197 691 346 744; x_wconf 79' lang='lat' dir='ltr'><strong>munere,</strong></span> <span class='ocrx_word' id='word_1_40' title='bbox 376 690 439 750; x_wconf 89' lang='lat' dir='ltr'><strong>quo</strong></span> <span class='ocrx_word' id='word_1_41' title='bbox 465 682 597 751; x_wconf 87' lang='lat' dir='ltr'><strong>uterque</strong></span> <span class='ocrx_word' id='word_1_42' title='bbox 620 682 757 728; x_wconf 87' lang='lat' dir='ltr'><strong>nostrum</strong></span> <span class='ocrx_word' id='word_1_43' title='bbox 780 668 981 732; x_wconf 86' lang='lat' dir='ltr'><strong>communiter</strong></span> 
     </span>
     <span class='ocr_line' id='line_1_7' title="bbox 135 750 980 834; baseline 0.002 -21"><span class='ocrx_word' id='word_1_44' title='bbox 135 766 284 814; x_wconf 86' lang='lat' dir='ltr'><strong>uteretur.</strong></span> <span class='ocrx_word' id='word_1_45' title='bbox 307 750 382 813; x_wconf 84' lang='lat' dir='ltr'><strong>Mihi</strong></span> <span class='ocrx_word' id='word_1_46' title='bbox 404 752 527 834; x_wconf 79' lang='lat' dir='ltr'><strong>quidem</strong></span> <span class='ocrx_word' id='word_1_47' title='bbox 558 754 601 813; x_wconf 83' lang='lat' dir='ltr'><strong>ita</strong></span> <span class='ocrx_word' id='word_1_48' title='bbox 629 753 760 813; x_wconf 78' lang='lat' dir='ltr'><strong>iucunde</strong></span> <span class='ocrx_word' id='word_1_49' title='bbox 796 752 885 812; x_wconf 86' lang='lat' dir='ltr'><strong>huius</strong></span> <span class='ocrx_word' id='word_1_50' title='bbox 906 753 980 814; x_wconf 85' lang='lat' dir='ltr'><strong>libri</strong></span> 
     </span>
     <span class='ocr_line' id='line_1_8' title="bbox 124 835 980 909; baseline -0.004 -8"><span class='ocrx_word' id='word_1_51' title='bbox 124 837 289 901; x_wconf 69' lang='lat' dir='ltr'><strong>‘confectio</strong></span> <span class='ocrx_word' id='word_1_52' title='bbox 313 835 394 909; x_wconf 63' lang='lat' dir='ltr'><strong>suit}</strong></span> <span class='ocrx_word' id='word_1_53' title='bbox 422 851 456 897; x_wconf 92' lang='lat' dir='ltr'><strong>ut</strong></span> <span class='ocrx_word' id='word_1_54' title='bbox 479 859 539 897; x_wconf 88' lang='lat' dir='ltr'><strong>non</strong></span> <span class='ocrx_word' id='word_1_55' title='bbox 564 835 654 897; x_wconf 90' lang='lat' dir='ltr'><strong>modo</strong></span> <span class='ocrx_word' id='word_1_56' title='bbox 677 858 782 897; x_wconf 86' lang='lat' dir='ltr'><strong>omnes</strong></span> <span class='ocrx_word' id='word_1_57' title='bbox 803 835 980 900; x_wconf 73' lang='lat' dir='ltr'>absterserit</span> 
     </span>
    </p>
   </div>
   <div class='ocr_carea' id='block_1_2' title="bbox 32 920 980 999">
    <p class='ocr_par' dir='ltr' id='par_1_2' title="bbox 32 920 980 999">
     <span class='ocr_line' id='line_1_9' title="bbox 32 920 980 999; baseline -0.002 -16"><span class='ocrx_word' id='word_1_58' title='bbox 32 942 34 946; x_wconf 90' lang='grc'><em>·</em></span> <span class='ocrx_word' id='word_1_59' title='bbox 135 921 300 983; x_wconf 79' lang='lat' dir='ltr'><strong>senectutis</strong></span> <span class='ocrx_word' id='word_1_60' title='bbox 322 920 489 996; x_wconf 77' lang='lat' dir='ltr'><strong>molestias,</strong></span> <span class='ocrx_word' id='word_1_61' title='bbox 511 920 562 981; x_wconf 66' lang='lat' dir='ltr'><strong>sed</strong></span> <span class='ocrx_word' id='word_1_62' title='bbox 581 921 718 983; x_wconf 78' lang='lat' dir='ltr'><strong>effecerit</strong></span> <span class='ocrx_word' id='word_1_63' title='bbox 732 920 855 980; x_wconf 81' lang='lat' dir='ltr'><strong>mollem</strong></span> <span class='ocrx_word' id='word_1_64' title='bbox 871 924 980 999; x_wconf 81' lang='lat' dir='ltr'><strong>etiam,</strong></span> 
     </span>
    </p>
   </div>
   <div class='ocr_carea' id='block_1_3' title="bbox 62 1003 1017 2433">
    <p class='ocr_par' dir='ltr' id='par_1_3' title="bbox 62 1003 1017 2433">
     <span class='ocr_line' id='line_1_10' title="bbox 136 1003 982 1087; baseline 0.002 -23"><span class='ocrx_word' id='word_1_65' title='bbox 136 1019 166 1083; x_wconf 79' lang='lat' dir='ltr'><strong>et</strong></span> <span class='ocrx_word' id='word_1_66' title='bbox 188 1003 353 1066; x_wconf 81' lang='lat' dir='ltr'><strong>iucundum</strong></span> <span class='ocrx_word' id='word_1_67' title='bbox 374 1017 572 1087; x_wconf 56' lang='lat' dir='ltr'><strong>senectutemt</strong></span> <span class='ocrx_word' id='word_1_68' title='bbox 594 1004 758 1086; x_wconf 84' lang='lat' dir='ltr'><strong>Nunquam</strong></span> <span class='ocrx_word' id='word_1_69' title='bbox 786 1005 877 1086; x_wconf 82' lang='lat' dir='ltr'><strong>igitur</strong></span> <span class='ocrx_word' id='word_1_70' title='bbox 907 1005 982 1068; x_wconf 83' lang='lat' dir='ltr'><strong>setis</strong></span> 
     </span>
     <span class='ocr_line' id='line_1_11' title="bbox 135 1086 979 1186; baseline -0.001 -36"><span class='ocrx_word' id='word_1_71' title='bbox 135 1089 253 1150; x_wconf 83' lang='lat' dir='ltr'><strong>laudari</strong></span> <span class='ocrx_word' id='word_1_72' title='bbox 275 1086 367 1169; x_wconf 74' lang='lat' dir='ltr'><strong>digne</strong></span> <span class='ocrx_word' id='word_1_73' title='bbox 389 1088 502 1172; x_wconf 84' lang='lat' dir='ltr'><strong>poterit</strong></span> <span class='ocrx_word' id='word_1_74' title='bbox 523 1089 741 1186; x_wconf 69' lang='lat' dir='ltr'><strong>philosophia3</strong></span> <span class='ocrx_word' id='word_1_75' title='bbox 768 1090 818 1149; x_wconf 92' lang='lat' dir='ltr'><strong>cni</strong></span> <span class='ocrx_word' id='word_1_76' title='bbox 848 1090 900 1169; x_wconf 89' lang='lat' dir='ltr'><strong>qui</strong></span> <span class='ocrx_word' id='word_1_77' title='bbox 922 1110 979 1170; x_wconf 82' lang='lat' dir='ltr'><strong>pa-</strong></span> 
     </span>
     <span class='ocr_line' id='line_1_12' title="bbox 135 1170 980 1255; baseline -0.001 -22"><span class='ocrx_word' id='word_1_78' title='bbox 135 1187 225 1248; x_wconf 81' lang='lat' dir='ltr'><strong>reat,</strong></span> <span class='ocrx_word' id='word_1_79' title='bbox 247 1193 339 1232; x_wconf 88' lang='lat' dir='ltr'><strong>omne</strong></span> <span class='ocrx_word' id='word_1_80' title='bbox 361 1185 478 1254; x_wconf 86' lang='lat' dir='ltr'><strong>tempus</strong></span> <span class='ocrx_word' id='word_1_81' title='bbox 499 1172 607 1233; x_wconf 77' lang='lat' dir='ltr'><strong>aetatis</strong></span> <span class='ocrx_word' id='word_1_82' title='bbox 628 1193 694 1231; x_wconf 87' lang='lat' dir='ltr'><strong>sme</strong></span> <span class='ocrx_word' id='word_1_83' title='bbox 718 1170 854 1232; x_wconf 79' lang='lat' dir='ltr'><strong>molestia</strong></span> <span class='ocrx_word' id='word_1_84' title='bbox 886 1173 980 1255; x_wconf 80' lang='lat' dir='ltr'><strong>possit</strong></span> 
     </span>
     <span class='ocr_line' id='line_1_13' title="bbox 78 1253 980 1338; baseline -0.001 -21"><span class='ocrx_word' id='word_1_85' title='bbox 78 1328 80 1333; x_wconf 17' lang='grc' dir='ltr'>ι</span> <span class='ocrx_word' id='word_1_86' title='bbox 136 1256 256 1338; x_wconf 80' lang='lat' dir='ltr'><strong>degere.</strong></span> <span class='ocrx_word' id='word_1_87' title='bbox 278 1256 338 1317; x_wconf 82' lang='lat' dir='ltr'><strong>Sed</strong></span> <span class='ocrx_word' id='word_1_88' title='bbox 361 1255 399 1316; x_wconf 91' lang='lat' dir='ltr'><strong>de</strong></span> <span class='ocrx_word' id='word_1_89' title='bbox 421 1256 530 1316; x_wconf 88' lang='lat' dir='ltr'><strong>ceteris</strong></span> <span class='ocrx_word' id='word_1_90' title='bbox 563 1267 595 1316; x_wconf 89' lang='lat' dir='ltr'><strong>et</strong></span> <span class='ocrx_word' id='word_1_91' title='bbox 623 1253 756 1315; x_wconf 78' lang='lat' dir='ltr'><strong>diximus</strong></span> <span class='ocrx_word' id='word_1_92' title='bbox 790 1255 885 1315; x_wconf 80' lang='lat' dir='ltr'><strong>multa</strong></span> <span class='ocrx_word' id='word_1_93' title='bbox 899 1301 910 1329; x_wconf 88' lang='lat'>,</span> <span class='ocrx_word' id='word_1_94' title='bbox 946 1268 980 1316; x_wconf 84' lang='lat' dir='ltr'><strong>et</strong></span> 
     </span>
     <span class='ocr_line' id='line_1_14' title="bbox 136 1336 979 1420; baseline 0.001 -22"><span class='ocrx_word' id='word_1_95' title='bbox 136 1361 227 1420; x_wconf 79' lang='lat' dir='ltr'><strong>saepe</strong></span> <span class='ocrx_word' id='word_1_96' title='bbox 247 1340 391 1401; x_wconf 83' lang='lat' dir='ltr'><strong>dicemus.</strong></span> <span class='ocrx_word' id='word_1_97' title='bbox 413 1339 503 1400; x_wconf 80' lang='lat' dir='ltr'><strong>Hunc</strong></span> <span class='ocrx_word' id='word_1_98' title='bbox 526 1336 642 1400; x_wconf 84' lang='lat' dir='ltr'><strong>librum</strong></span> <span class='ocrx_word' id='word_1_99' title='bbox 664 1336 704 1398; x_wconf 89' lang='lat' dir='ltr'><strong>de</strong></span> <span class='ocrx_word' id='word_1_100' title='bbox 725 1348 880 1399; x_wconf 83' lang='lat' dir='ltr'><strong>senectute</strong></span> <span class='ocrx_word' id='word_1_101' title='bbox 895 1338 934 1398; x_wconf 80' lang='lat' dir='ltr'><strong>ed</strong></span> <span class='ocrx_word' id='word_1_102' title='bbox 950 1351 979 1400; x_wconf 85' lang='lat' dir='ltr'><strong>te</strong></span> 
     </span>
     <span class='ocr_line' id='line_1_15' title="bbox 137 1420 979 1496; baseline 0.002 -14"><span class='ocrx_word' id='word_1_103' title='bbox 137 1423 281 1486; x_wconf 83' lang='lat' dir='ltr'><strong>misimus.</strong></span> <span class='ocrx_word' id='word_1_104' title='bbox 297 1424 428 1484; x_wconf 84' lang='lat' dir='ltr'><strong>Omnem</strong></span> <span class='ocrx_word' id='word_1_105' title='bbox 439 1435 729 1496; x_wconf 70' lang='lat' dir='ltr'><strong>entemsermonem.</strong></span> <span class='ocrx_word' id='word_1_106' title='bbox 739 1420 901 1482; x_wconf 82' lang='lat' dir='ltr'><strong>tribuimus</strong></span> <span class='ocrx_word' id='word_1_107' title='bbox 917 1443 979 1484; x_wconf 91' lang='lat' dir='ltr'><strong>non</strong></span> 
     </span>
     <span class='ocr_line' id='line_1_16' title="bbox 137 1502 980 1584; baseline 0 -17"><span class='ocrx_word' id='word_1_108' title='bbox 137 1502 294 1584; x_wconf 85' lang='lat' dir='ltr'><strong>Tithono,</strong></span> <span class='ocrx_word' id='word_1_109' title='bbox 324 1520 359 1567; x_wconf 88' lang='lat' dir='ltr'><strong>nt</strong></span> <span class='ocrx_word' id='word_1_110' title='bbox 386 1506 489 1568; x_wconf 84' lang='lat' dir='ltr'><strong>Aristo</strong></span> <span class='ocrx_word' id='word_1_111' title='bbox 511 1505 629 1583; x_wconf 88' lang='lat' dir='ltr'><strong>Chius,</strong></span> <span class='ocrx_word' id='word_1_112' title='bbox 703 1526 770 1564; x_wconf 89' lang='lat' dir='ltr'><strong>rum</strong></span> <span class='ocrx_word' id='word_1_113' title='bbox 794 1503 878 1567; x_wconf 88' lang='lat' dir='ltr'><strong>enim</strong></span> <span class='ocrx_word' id='word_1_114' title='bbox 896 1519 980 1567; x_wconf 87' lang='lat' dir='ltr'><strong>esset</strong></span> 
     </span>
     <span class='ocr_line' id='line_1_17' title="bbox 102 1587 980 1675; baseline 0 -24"><span class='ocrx_word' id='word_1_115' title='bbox 102 1640 105 1643; x_wconf 85' lang='grc'>.</span> <span class='ocrx_word' id='word_1_116' title='bbox 135 1590 325 1653; x_wconf 77' lang='lat' dir='ltr'><strong>auctoritatis</strong></span> <span class='ocrx_word' id='word_1_117' title='bbox 348 1590 380 1652; x_wconf 71' lang='lat' dir='ltr'><strong>i‘n</strong></span> <span class='ocrx_word' id='word_1_118' title='bbox 402 1590 530 1667; x_wconf 79' lang='lat' dir='ltr'><strong>sabula3</strong></span> <span class='ocrx_word' id='word_1_119' title='bbox 564 1589 617 1650; x_wconf 83' lang='lat' dir='ltr'><strong>sed</strong></span> <span class='ocrx_word' id='word_1_120' title='bbox 672 1587 814 1650; x_wconf 74' lang='lat' dir='ltr'><strong>,Catoni</strong></span> <span class='ocrx_word' id='word_1_121' title='bbox 837 1590 928 1675; x_wconf 72' lang='lat' dir='ltr'><strong>seni,</strong></span> <span class='ocrx_word' id='word_1_122' title='bbox 959 1611 980 1651; x_wconf 84' lang='lat' dir='ltr'><em>a</em></span> 
     </span>
     <span class='ocr_line' id='line_1_18' title="bbox 135 1671 1017 1758; baseline -0.003 -21"><span class='ocrx_word' id='word_1_123' title='bbox 135 1698 196 1758; x_wconf 91' lang='lat' dir='ltr'><strong>quo</strong></span> <span class='ocrx_word' id='word_1_124' title='bbox 218 1677 364 1738; x_wconf 78' lang='lat' dir='ltr'><strong>maiorem</strong></span> <span class='ocrx_word' id='word_1_125' title='bbox 384 1675 598 1737; x_wconf 79' lang='lat' dir='ltr'><strong>auctoritatem</strong></span> <span class='ocrx_word' id='word_1_126' title='bbox 615 1671 743 1736; x_wconf 79' lang='lat' dir='ltr'><strong>heberet</strong></span> <span class='ocrx_word' id='word_1_127' title='bbox 755 1674 865 1735; x_wconf 77' lang='lat' dir='ltr'><strong>oratio.</strong></span> <span class='ocrx_word' id='word_1_128' title='bbox 889 1671 981 1756; x_wconf 77' lang='lat' dir='ltr'><strong>Apud</strong></span> <span class='ocrx_word' id='word_1_129' title='bbox 1013 1712 1017 1719; x_wconf 83' lang='lat'>-</span> 
     </span>
     <span class='ocr_line' id='line_1_19' title="bbox 134 1758 977 1842; baseline -0.002 -22"><span class='ocrx_word' id='word_1_130' title='bbox 134 1781 224 1842; x_wconf 83' lang='lat' dir='ltr'><strong>quem</strong></span> <span class='ocrx_word' id='word_1_131' title='bbox 245 1759 405 1835; x_wconf 81' lang='lat' dir='ltr'><strong>Laelium,</strong></span> <span class='ocrx_word' id='word_1_132' title='bbox 426 1771 462 1819; x_wconf 88' lang='lat' dir='ltr'><strong>et</strong></span> <span class='ocrx_word' id='word_1_133' title='bbox 480 1758 658 1841; x_wconf 85' lang='lat' dir='ltr'><strong>Scipionem</strong></span> <span class='ocrx_word' id='word_1_134' title='bbox 672 1758 801 1820; x_wconf 79' lang='lat' dir='ltr'><strong>iacimus</strong></span> <span class='ocrx_word' id='word_1_135' title='bbox 817 1758 977 1819; x_wconf 82' lang='lat' dir='ltr'><strong>admiran-</strong></span> 
     </span>
     <span class='ocr_line' id='line_1_20' title="bbox 135 1841 980 1927; baseline -0.002 -24"><span class='ocrx_word' id='word_1_136' title='bbox 135 1857 206 1920; x_wconf 84' lang='lat' dir='ltr'><strong>tes,</strong></span> <span class='ocrx_word' id='word_1_137' title='bbox 241 1844 322 1927; x_wconf 89' lang='lat' dir='ltr'><strong>qnod</strong></span> <span class='ocrx_word' id='word_1_138' title='bbox 344 1845 368 1903; x_wconf 89' lang='lat' dir='ltr'><strong>is</strong></span> <span class='ocrx_word' id='word_1_139' title='bbox 391 1855 453 1904; x_wconf 82' lang='lat' dir='ltr'><strong>tam</strong></span> <span class='ocrx_word' id='word_1_140' title='bbox 475 1843 565 1905; x_wconf 75' lang='lat' dir='ltr'><strong>focile</strong></span> <span class='ocrx_word' id='word_1_141' title='bbox 588 1856 776 1904; x_wconf 85' lang='lat' dir='ltr'><strong>senectutem</strong></span> <span class='ocrx_word' id='word_1_142' title='bbox 800 1841 904 1917; x_wconf 75' lang='lat' dir='ltr'><strong>teret,</strong></span> <span class='ocrx_word' id='word_1_143' title='bbox 927 1843 980 1903; x_wconf 85' lang='lat' dir='ltr'><strong>iis·</strong></span> 
     </span>
     <span class='ocr_line' id='line_1_21' title="bbox 134 1924 980 2010; baseline 0 -21"><span class='ocrx_word' id='word_1_144' title='bbox 134 1950 198 2010; x_wconf 90' lang='lat' dir='ltr'><strong>qne</strong></span> <span class='ocrx_word' id='word_1_145' title='bbox 219 1951 287 1989; x_wconf 88' lang='lat' dir='ltr'><strong>eum</strong></span> <span class='ocrx_word' id='word_1_146' title='bbox 309 1924 554 2010; x_wconf 78' lang='lat' dir='ltr'><strong>respondentem.</strong></span> <span class='ocrx_word' id='word_1_147' title='bbox 576 1928 639 2005; x_wconf 78' lang='lat' dir='ltr'><strong>Qui</strong></span> <span class='ocrx_word' id='word_1_148' title='bbox 657 1928 688 1988; x_wconf 85' lang='lat' dir='ltr'><strong>si</strong></span> <span class='ocrx_word' id='word_1_149' title='bbox 711 1926 863 1987; x_wconf 78' lang='lat' dir='ltr'><strong>eruditius</strong></span> <span class='ocrx_word' id='word_1_150' title='bbox 890 1925 980 1989; x_wconf 82' lang='lat' dir='ltr'><strong>ride·</strong></span> 
     </span>
     <span class='ocr_line' id='line_1_22' title="bbox 62 2009 984 2094; baseline 0.001 -22"><span class='ocrx_word' id='word_1_151' title='bbox 62 2022 64 2027; x_wconf 83' lang='grc'>’</span> <span class='ocrx_word' id='word_1_152' title='bbox 134 2012 221 2074; x_wconf 87' lang='lat' dir='ltr'><strong>bitur</strong></span> <span class='ocrx_word' id='word_1_153' title='bbox 241 2012 418 2094; x_wconf 78' lang='lat' dir='ltr'><strong>disputare,</strong></span> <span class='ocrx_word' id='word_1_154' title='bbox 454 2032 547 2094; x_wconf 84' lang='lat' dir='ltr'><strong>quem</strong></span> <span class='ocrx_word' id='word_1_155' title='bbox 580 2010 738 2074; x_wconf 76' lang='lat' dir='ltr'><strong>consuevit</strong></span> <span class='ocrx_word' id='word_1_156' title='bbox 763 2011 834 2093; x_wconf 84' lang='lat' dir='ltr'><strong>ipse</strong></span> <span class='ocrx_word' id='word_1_157' title='bbox 863 2011 896 2070; x_wconf 91' lang='lat' dir='ltr'><strong>in</strong></span> <span class='ocrx_word' id='word_1_158' title='bbox 918 2009 984 2073; x_wconf 82' lang='lat' dir='ltr'><strong>suis</strong></span> 
     </span>
     <span class='ocr_line' id='line_1_23' title="bbox 135 2090 984 2176; baseline 0.001 -22"><span class='ocrx_word' id='word_1_159' title='bbox 135 2094 238 2175; x_wconf 85' lang='lat' dir='ltr'><strong>libris,</strong></span> <span class='ocrx_word' id='word_1_160' title='bbox 259 2093 417 2159; x_wconf 83' lang='lat' dir='ltr'><strong>attribuito</strong></span> <span class='ocrx_word' id='word_1_161' title='bbox 440 2096 565 2158; x_wconf 82' lang='lat' dir='ltr'><strong>Graecis</strong></span> <span class='ocrx_word' id='word_1_162' title='bbox 587 2090 701 2171; x_wconf 78' lang='lat' dir='ltr'><strong>literis,</strong></span> <span class='ocrx_word' id='word_1_163' title='bbox 716 2114 847 2176; x_wconf 80' lang='lat' dir='ltr'><strong>quarum</strong></span> <span class='ocrx_word' id='word_1_164' title='bbox 862 2105 984 2155; x_wconf 81' lang='lat' dir='ltr'><strong>constet</strong></span> 
     </span>
     <span class='ocr_line' id='line_1_24' title="bbox 135 2176 981 2264; baseline -0.004 -23"><span class='ocrx_word' id='word_1_165' title='bbox 135 2200 206 2241; x_wconf 88' lang='lat' dir='ltr'><strong>eum</strong></span> <span class='ocrx_word' id='word_1_166' title='bbox 226 2180 447 2264; x_wconf 78' lang='lat' dir='ltr'><strong>perstudiosum</strong></span> <span class='ocrx_word' id='word_1_167' title='bbox 470 2181 561 2243; x_wconf 82' lang='lat' dir='ltr'><strong>scisse</strong></span> <span class='ocrx_word' id='word_1_168' title='bbox 584 2181 618 2241; x_wconf 89' lang='lat' dir='ltr'><strong>in</strong></span> <span class='ocrx_word' id='word_1_169' title='bbox 640 2191 805 2240; x_wconf 84' lang='lat' dir='ltr'><strong>senectute.</strong></span> <span class='ocrx_word' id='word_1_170' title='bbox 828 2176 981 2261; x_wconf 77' lang='lat' dir='ltr'><strong>seuquid</strong></span> 
     </span>
     <span class='ocr_line' id='line_1_25' title="bbox 135 2261 981 2350; baseline -0.002 -24"><span class='ocrx_word' id='word_1_171' title='bbox 135 2283 212 2347; x_wconf 85' lang='lat' dir='ltr'><strong>opus</strong></span> <span class='ocrx_word' id='word_1_172' title='bbox 232 2278 277 2328; x_wconf 84' lang='lat' dir='ltr'><strong>est</strong></span> <span class='ocrx_word' id='word_1_173' title='bbox 294 2264 489 2350; x_wconf 59' lang='lat' dir='ltr'><strong>plurumum</strong></span> <span class='ocrx_word' id='word_1_174' title='bbox 511 2265 595 2330; x_wconf 88' lang='lat' dir='ltr'><strong>enim</strong></span> <span class='ocrx_word' id='word_1_175' title='bbox 617 2264 711 2345; x_wconf 82' lang='lat' dir='ltr'><strong>ipsius</strong></span> <span class='ocrx_word' id='word_1_176' title='bbox 733 2261 858 2324; x_wconf 75' lang='lat' dir='ltr'><strong>Catonis</strong></span> <span class='ocrx_word' id='word_1_177' title='bbox 879 2283 981 2324; x_wconf 86' lang='lat' dir='ltr'><strong>sermo</strong></span> 
     </span>
     <span class='ocr_line' id='line_1_26' title="bbox 135 2349 981 2433; baseline -0.002 -24"><span class='ocrx_word' id='word_1_178' title='bbox 135 2350 299 2433; x_wconf 82' lang='lat' dir='ltr'><strong>expiicabit</strong></span> <span class='ocrx_word' id='word_1_179' title='bbox 321 2361 453 2413; x_wconf 82' lang='lat' dir='ltr'><strong>nostram</strong></span> <span class='ocrx_word' id='word_1_180' title='bbox 474 2373 596 2413; x_wconf 87' lang='lat' dir='ltr'><strong>omnem</strong></span> <span class='ocrx_word' id='word_1_181' title='bbox 618 2349 658 2409; x_wconf 86' lang='lat' dir='ltr'><strong>de</strong></span> <span class='ocrx_word' id='word_1_182' title='bbox 679 2360 834 2410; x_wconf 84' lang='lat' dir='ltr'><strong>senectute</strong></span> <span class='ocrx_word' id='word_1_183' title='bbox 856 2359 981 2410; x_wconf 78' lang='lat' dir='ltr'><strong>senteu-</strong></span> 
     </span>
    </p>
   </div>
   <div class='ocr_carea' id='block_1_4' title="bbox 52 2436 225 2495">
    <p class='ocr_par' dir='ltr' id='par_1_4' title="bbox 52 2436 225 2495">
     <span class='ocr_line' id='line_1_27' title="bbox 52 2436 225 2495; baseline 0.04 -6"><span class='ocrx_word' id='word_1_184' title='bbox 52 2480 59 2489; x_wconf 87' lang='lat'>.</span> <span class='ocrx_word' id='word_1_185' title='bbox 139 2436 225 2495; x_wconf 84' lang='lat' dir='ltr'><strong>tiam.</strong></span> 
     </span>
    </p>
   </div>
   <div class='ocr_carea' id='block_1_5' title="bbox 137 2573 1086 2685">
    <p class='ocr_par' dir='ltr' id='par_1_5' title="bbox 137 2573 1086 2685">
     <span class='ocr_line' id='line_1_28' title="bbox 137 2573 1086 2685; baseline -0.008 -34"><span class='ocrx_word' id='word_1_186' title='bbox 137 2616 155 2651; x_wconf 85' lang='lat' dir='ltr'><strong><em>a</em></strong></span> <span class='ocrx_word' id='word_1_187' title='bbox 170 2599 314 2656; x_wconf 74' lang='lat' dir='ltr'><strong>Persarum</strong></span> <span class='ocrx_word' id='word_1_188' title='bbox 331 2598 446 2672; x_wconf 75' lang='lat' dir='ltr'><strong>dignitas</strong></span> <span class='ocrx_word' id='word_1_189' title='bbox 464 2601 540 2657; x_wconf 72' lang='lat' dir='ltr'><strong>cudit</strong></span> <span class='ocrx_word' id='word_1_190' title='bbox 558 2573 676 2658; x_wconf 76' lang='lat' dir='ltr'><strong>orationi</strong></span> <span class='ocrx_word' id='word_1_191' title='bbox 694 2596 889 2675; x_wconf 65' lang='lat' dir='ltr'><strong>auctoritatem„</strong></span> <span class='ocrx_word' id='word_1_192' title='bbox 1009 2682 1011 2685; x_wconf 12' lang='lat' dir='ltr'>v</span> <span class='ocrx_word' id='word_1_193' title='bbox 1084 2640 1086 2643; x_wconf 79' lang='grc'>,</span> 
     </span>
    </p>
   </div>
   <div class='ocr_carea' id='block_1_6' title="bbox 0 0 1185 3567">
    <p class='ocr_par' dir='ltr' id='par_1_6' title="bbox 0 0 1185 3567">
     <span class='ocr_line' id='line_1_29' title="bbox 0 0 1185 3567; baseline 0 0"><span class='ocrx_word' id='word_1_194' title='bbox 0 0 1185 3567; x_wconf 95' lang='lat' dir='ltr'><strong> </strong></span> 
     </span>
    </p>
   </div>
  </div>
 </body>
</html>
