2359 3567
399 270 454 314 cru
478 268 525 313 ιιι.
541 268 611 312 ιιι.
635 244 699 313 ιιιι.
876 272 931 335 'll

130 359 148 400 ιι
169 336 340 412 formulas,
362 336 393 396 in
416 336 525 419 quibus
547 334 619 416 ipsis
641 355 735 417 quum
756 355 794 395 cx
821 355 858 394 co
880 357 975 416 quae·

130 436 257 498 reretnr',
279 419 353 503 quid
375 433 452 480 esset
472 421 490 479 d
510 418 599 479 dolus
620 418 739 493 malus3
761 418 973 503 respondebat,

128 521 223 587 quum
245 519 324 566 essct
345 503 429 567 alind
451 504 648 580 simulatum,
670 501 754 564 aliud
775 516 887 564 actum.
908 504 975 564 lloc

114 586 631 733 ‘lilimr⁸·³”i1¹¹¹⁰¹¹0¹i¹¹‘i'url{
651 586 857 731 ”babilli
872 587 973 730 pilii

189 695 259 732 nren
285 696 306 732 1.
372 695 407 733 σο
483 710 488 721 «
735 691 742 701 ·

127 771 276 837 agentes,
297 721 387 816 aliud
417 693 615 831 simuladtes,
636 714 784 836 luridi,
819 754 972 838 improbi,

126 838 272 911 malitiosi
291 853 369 900 sunt.
391 838 515 900 Nullum
537 838 630 921 igitur
650 837 762 899 linctum
784 860 886 900 eornm
918 861 972 920 po-

100 994 105 1002 ,
126 935 184 982 test
208 923 387 995 utile-esse,
410 944 503 1003 quum
526 923 563 981 sit
587 936 630 983 tot
652 922 732 982 uitiis
764 922 970 1005 inquinatum.

124 1007 217 1085 Quod
241 1007 265 1064 si
288 1007 450 1087 Aquiliana
472 1006 608 1067 definitio
631 1028 706 1067 reru
721 1019 788 1084 est,
819 1029 858 1068 cx
886 1008 969 1069 omni

124 1092 185 1152 rita
208 1088 386 1167 simulatio,
409 1089 670 1173 dissimulatioque
694 1091 825 1152 tollenda
847 1106 901 1152 est.
923 1092 969 1154 lta

122 1195 179 1235 nec
202 1188 237 1234 ut
259 1188 346 1234 emat.
360 1176 489 1248 melius,
512 1196 567 1235 nec
589 1187 624 1236 ut
644 1175 777 1251 vendat,
799 1176 968 1258 quidquam

121 1257 301 1334 simulabit,
324 1272 377 1318 aut
414 1250 614 1319 dissimulabit
647 1260 692 1318 vir
725 1258 833 1321 bonus.
866 1261 968 1341 Atque

121 1341 179 1402 istc
200 1340 289 1404 dolus
310 1344 406 1404 malus
428 1345 520 1405 etiarn
541 1341 657 1424 legibus
679 1355 743 1402 crat
777 1342 967 1422 vindicatus,

48 1470 51 1477 .
120 1439 155 1486 nt
176 1427 272 1486 tutela
296 1447 338 1486 xu
363 1426 497 1504 tabulis,
520 1439 552 1490 et
572 1451 589 1487 c
611 1426 843 1508 circumscriptio
865 1426 968 1487 odole-
1022 1492 1024 1496 ³

108 1512 270 1570 scentiam
293 1512 360 1592 lego
380 1511 537 1583 Laetoria,
559 1523 591 1571 et
611 1510 677 1570 sine
700 1512 763 1593 lege
786 1510 916 1592 judiciis,
932 1513 966 1574 in

108 1594 232 1676 quibus
252 1595 275 1652 d
295 1594 350 1656 EX
373 1592 472 1658 FIDE
492 1594 604 1656 BONA
626 1596 731 1677 agitur.
765 1595 966 1678 Reliquorum

63 1702 67 1707 ’
117 1692 226 1743 autem
244 1676 426 1760 iudiciorum
449 1682 523 1740 haec
546 1679 636 1739 verba
658 1680 787 1741 maxime
810 1682 966 1742 excellunt

60 1838 64 1849 Ι
119 1761 150 1823 in
173 1762 301 1833 arbitrio
324 1762 368 1824 rei
391 1765 536 1837 uxoriae,
560 1762 711 1825 MELIUS
728 1810 745 1839 ,.
761 1765 963 1843 AEQUtUS-‚
1037 1789 1040 1795 ·

119 1845 150 1906 in
174 1844 296 1920 fidncia,
308 1869 325 1906 e
347 1847 406 1908 UT
428 1846 552 1909 INTER
565 1846 694 1909 BONOS
707 1847 810 1909 BENE
824 1849 965 1914 AGIER.

116 1929 199 2007 Quid
224 1931 322 2012 argo?
345 1932 409 1992 Αιιι
431 1931 462 1992 in
486 1954 533 2005 eo,
556 1930 636 2012 qnod
650 1931 682 2013 f
696 1933 814 2004 melius,
827 1933 962 2014 aequius,
1048 1998 1051 2002 Α

115 2026 215 2095 potest
237 2016 299 2075 nlla
321 2037 392 2098 pars
414 2016 512 2076 inesse
534 2013 674 2081 fraudis?
698 2016 782 2088 rlut,
806 2036 900 2098 quum
914 2016 962 2080 di-

115 2098 221 2173 eitur,
244 2099 323 2159 inter
344 2100 438 2160 bonos
459 2100 537 2160 bene
574 2103 682 2181 agier,
719 2099 884 2182 quidquam
915 2104 965 2185 agi

115 2182 241 2258 dolose,
262 2198 315 2244 aut
337 2182 485 2246 malitiose
511 2184 632 2267 potest?
656 2182 753 2246 Dolus
774 2197 873 2245 autem
897 2210 961 2247 ma-

116 2269 164 2328 lus
186 2269 401 2344 simulatione,
437 2269 549 2331 utait
578 2266 744 2350 Aquilius,
778 2271 961 2336 continetur.

113 2351 302 2413 Tollendum
323 2366 369 2413 cst
384 2355 525 2436 igiturex
545 2353 635 2414 rebus
647 2353 857 2437 contrahendis
871 2378 961 2419 omne

113 2436 329 2507 mendacium:
353 2460 413 2498 non
435 2438 616 2499 licitatorem
639 2437 799 2512 uenditor,
822 2463 877 2500 nec
907 2443 960 2520 qui

102 2535 220 2583 vcontra
242 2543 274 2583 se
295 2522 449 2599 licentur,
470 2535 566 2600 emtor
588 2534 731 2605 apponet.
753 2523 912 2605 Uterque,
935 2528 961 2588 si

114 2673 131 2706 a
147 2654 303 2718 Forrnulos,
320 2654 389 2705 iuris
407 2654 517 2722 regulas.

113 2721 129 2772 b
148 2720 232 2792 Quod
250 2722 312 2773 dolo
329 2720 400 2772 malo
418 2730 520 2788 gestum
537 2728 592 2785 est,
610 2721 643 2786 id,
657 2722 686 2774 in
704 2720 836 2789 integrum
853 2720 959 2774 restitui

105 2824 119 2833 -.
182 2805 200 2838 ο
237 2795 296 2839 rtet.

114 2874 129 2908 c
146 2805 395 2919 Cirddmscribcra,
414 2856 629 2924 circumuenire,
650 2855 861 2910 circumducere.

112 2923 134 2974 d
149 2923 238 2975 Bonae
256 2923 319 2975 fidei
335 2923 444 2990 judicio.

113 3010 128 3041 e
147 2989 221 3042 lntcr
238 2992 323 3042 honos
341 2992 409 3041 bene
427 2990 506 3058 agicr.

100 3059 132 3127 s
141 3060 232 3115 Verba
251 3065 315 3108 sunt
331 3058 480 3127 solemnia,
497 3058 598 3128 quibus
615 3058 645 3110 in
661 3053 776 3126 negotiis
786 3054 879 3127 ,bonae
894 3051 957 3124 fidet

182 3125 336 3193 utebantur,

480 3168 694 3255 ..w
