<?xml version="1.0" encoding="UTF-8"?>
<!DOCTYPE html PUBLIC "-//W3C//DTD XHTML 1.0 Transitional//EN"
    "http://www.w3.org/TR/xhtml1/DTD/xhtml1-transitional.dtd">
<html xmlns="http://www.w3.org/1999/xhtml" xml:lang="en" lang="en">
 <head>
  <title>
</title>
<meta http-equiv="Content-Type" content="text/html;charset=utf-8" />
  <meta name='ocr-system' content='tesseract 3.04.00' />
  <meta name='ocr-capabilities' content='ocr_page ocr_carea ocr_par ocr_line ocrx_word'/>
</head>
<body>
  <div class='ocr_page' id='page_1' title='image "./mtulliiciceroni114cicegoog/mtulliiciceroni114cicegoog_0126.png"; bbox 0 0 2359 3567; ppageno 0'>
   <div class='ocr_carea' id='block_1_1' title="bbox 55 132 1173 2478">
    <p class='ocr_par' dir='ltr' id='par_1_1' title="bbox 55 132 1173 2478">
     <span class='ocr_line' id='line_1_1' title="bbox 219 132 1173 199; baseline -0.004 -14"><span class='ocrx_word' id='word_1_1' title='bbox 219 132 278 199; x_wconf 76' lang='lat'><strong>¹40</strong></span> <span class='ocrx_word' id='word_1_2' title='bbox 404 139 436 181; x_wconf 81' lang='lat' dir='ltr'><strong>ar.</strong></span> <span class='ocrx_word' id='word_1_3' title='bbox 459 140 486 181; x_wconf 79' lang='lat' dir='ltr'><strong>r.</strong></span> <span class='ocrx_word' id='word_1_4' title='bbox 507 136 602 181; x_wconf 77' lang='lat' dir='ltr'><strong>orcas.</strong></span> <span class='ocrx_word' id='word_1_5' title='bbox 624 138 662 180; x_wconf 81' lang='lat' dir='ltr'><strong>ns</strong></span> <span class='ocrx_word' id='word_1_6' title='bbox 687 138 782 181; x_wconf 79' lang='lat' dir='ltr'><strong>orere.</strong></span> <span class='ocrx_word' id='word_1_7' title='bbox 1021 180 1024 187; x_wconf 70' lang='grc'>,</span> <span class='ocrx_word' id='word_1_8' title='bbox 1172 176 1173 193; x_wconf 38' lang='lat'>2</span> 
     </span>
     <span class='ocr_line' id='line_1_2' title="bbox 157 200 1077 267; baseline -0.001 0"><span class='ocrx_word' id='word_1_9' title='bbox 157 203 230 267; x_wconf 66' lang='lat' dir='ltr'><strong>illo</strong></span> <span class='ocrx_word' id='word_1_10' title='bbox 252 203 311 266; x_wconf 88' lang='lat' dir='ltr'><strong>alia</strong></span> <span class='ocrx_word' id='word_1_11' title='bbox 332 200 454 265; x_wconf 85' lang='lat' dir='ltr'><strong>maiora.</strong></span> <span class='ocrx_word' id='word_1_12' title='bbox 476 201 557 265; x_wconf 87' lang='lat' dir='ltr'><strong>Laus</strong></span> <span class='ocrx_word' id='word_1_13' title='bbox 578 201 774 264; x_wconf 76' lang='lat' dir='ltr'><strong>abstinentiae</strong></span> <span class='ocrx_word' id='word_1_14' title='bbox 796 221 857 262; x_wconf 91' lang='lat' dir='ltr'><strong>non</strong></span> <span class='ocrx_word' id='word_1_15' title='bbox 885 203 1025 267; x_wconf 86' lang='lat' dir='ltr'><strong>bominis·</strong></span> <span class='ocrx_word' id='word_1_16' title='bbox 1075 208 1077 211; x_wconf 80' lang='grc'><strong>’</strong></span> 
     </span>
     <span class='ocr_line' id='line_1_3' title="bbox 175 284 1017 363; baseline -0.001 -13"><span class='ocrx_word' id='word_1_17' title='bbox 175 302 222 350; x_wconf 88' lang='lat' dir='ltr'><strong>est</strong></span> <span class='ocrx_word' id='word_1_18' title='bbox 242 288 364 363; x_wconf 87' lang='lat' dir='ltr'><strong>solum,</strong></span> <span class='ocrx_word' id='word_1_19' title='bbox 386 284 437 348; x_wconf 88' lang='lat' dir='ltr'><strong>sed</strong></span> <span class='ocrx_word' id='word_1_20' title='bbox 459 286 549 349; x_wconf 88' lang='lat' dir='ltr'><strong>etiarn</strong></span> <span class='ocrx_word' id='word_1_21' title='bbox 573 299 631 347; x_wconf 88' lang='lat' dir='ltr'><strong>tem</strong></span> <span class='ocrx_word' id='word_1_22' title='bbox 653 307 739 347; x_wconf 90' lang='lat' dir='ltr'><strong>orum</strong></span> <span class='ocrx_word' id='word_1_23' title='bbox 760 285 893 355; x_wconf 87' lang='lat' dir='ltr'><strong>illorum.</strong></span> <span class='ocrx_word' id='word_1_24' title='bbox 922 287 1017 349; x_wconf 89' lang='lat' dir='ltr'><strong>Omni</strong></span> 
     </span>
     <span class='ocr_line' id='line_1_4' title="bbox 55 308 1018 455; baseline -0.006 -16"><span class='ocrx_word' id='word_1_25' title='bbox 55 426 58 438; x_wconf 90' lang='lat'><strong>.</strong></span> <span class='ocrx_word' id='word_1_26' title='bbox 87 399 93 406; x_wconf 83' lang='lat'><em>·</em></span> <span class='ocrx_word' id='word_1_27' title='bbox 173 372 371 437; x_wconf 74' lang='lat' dir='ltr'><strong>Macedonum</strong></span> <span class='ocrx_word' id='word_1_28' title='bbox 394 393 488 454; x_wconf 82' lang='lat' dir='ltr'><strong>gaza,</strong></span> <span class='ocrx_word' id='word_1_29' title='bbox 511 392 588 454; x_wconf 87' lang='lat' dir='ltr'><strong>quae</strong></span> <span class='ocrx_word' id='word_1_30' title='bbox 621 308 680 440; x_wconf 55' lang='lat' dir='ltr'><strong>dit,</strong></span> <span class='ocrx_word' id='word_1_31' title='bbox 715 370 867 449; x_wconf 79' lang='lat' dir='ltr'><strong>maxima,</strong></span> <span class='ocrx_word' id='word_1_32' title='bbox 903 372 1018 455; x_wconf 86' lang='lat' dir='ltr'><strong>potitus</strong></span> 
     </span>
     <span class='ocr_line' id='line_1_5' title="bbox 173 453 1017 538; baseline -0.001 -20"><span class='ocrx_word' id='word_1_33' title='bbox 173 469 219 518; x_wconf 86' lang='lat' dir='ltr'><strong>est</strong></span> <span class='ocrx_word' id='word_1_34' title='bbox 237 479 258 516; x_wconf 86' lang='lat' dir='ltr'><strong>a</strong></span> <span class='ocrx_word' id='word_1_35' title='bbox 280 456 411 518; x_wconf 77' lang='lat' dir='ltr'><strong>Paulusa</strong></span> <span class='ocrx_word' id='word_1_36' title='bbox 437 469 550 516; x_wconf 89' lang='lat' dir='ltr'><strong>tantum</strong></span> <span class='ocrx_word' id='word_1_37' title='bbox 572 456 604 515; x_wconf 90' lang='lat' dir='ltr'><strong>in</strong></span> <span class='ocrx_word' id='word_1_38' title='bbox 625 453 774 516; x_wconf 86' lang='lat' dir='ltr'><strong>aerarium</strong></span> <span class='ocrx_word' id='word_1_39' title='bbox 794 454 939 538; x_wconf 67' lang='lat' dir='ltr'><strong>pecatum</strong></span> <span class='ocrx_word' id='word_1_40' title='bbox 968 456 1017 517; x_wconf 92' lang='lat' dir='ltr'><strong>in·</strong></span> 
     </span>
     <span class='ocr_line' id='line_1_6' title="bbox 174 538 1017 624; baseline -0.001 -22"><span class='ocrx_word' id='word_1_41' title='bbox 174 540 278 619; x_wconf 77' lang='lat' dir='ltr'><strong>rexit,</strong></span> <span class='ocrx_word' id='word_1_42' title='bbox 300 553 336 602; x_wconf 87' lang='lat' dir='ltr'><strong>ut</strong></span> <span class='ocrx_word' id='word_1_43' title='bbox 356 541 444 601; x_wconf 89' lang='lat' dir='ltr'><strong>unius</strong></span> <span class='ocrx_word' id='word_1_44' title='bbox 465 541 651 624; x_wconf 86' lang='lat' dir='ltr'><strong>imperatoris</strong></span> <span class='ocrx_word' id='word_1_45' title='bbox 678 538 795 621; x_wconf 80' lang='lat' dir='ltr'><strong>praeda</strong></span> <span class='ocrx_word' id='word_1_46' title='bbox 810 539 899 600; x_wconf 87' lang='lat' dir='ltr'><strong>tinem</strong></span> <span class='ocrx_word' id='word_1_47' title='bbox 934 551 1017 601; x_wconf 87' lang='lat' dir='ltr'><strong>attu-</strong></span> 
     </span>
     <span class='ocr_line' id='line_1_7' title="bbox 174 622 1019 688; baseline -0.004 0"><span class='ocrx_word' id='word_1_48' title='bbox 174 624 243 688; x_wconf 89' lang='lat' dir='ltr'><strong>lerit</strong></span> <span class='ocrx_word' id='word_1_49' title='bbox 279 625 469 688; x_wconf 86' lang='lat' dir='ltr'><strong>tributorum.</strong></span> <span class='ocrx_word' id='word_1_50' title='bbox 506 627 549 686; x_wconf 76' lang='lat' dir='ltr'><strong>At</strong></span> <span class='ocrx_word' id='word_1_51' title='bbox 580 624 630 685; x_wconf 86' lang='lat' dir='ltr'><strong>bic</strong></span> <span class='ocrx_word' id='word_1_52' title='bbox 663 622 738 684; x_wconf 89' lang='lat' dir='ltr'><strong>nihil</strong></span> <span class='ocrx_word' id='word_1_53' title='bbox 775 623 898 685; x_wconf 85' lang='lat' dir='ltr'><strong>domum</strong></span> <span class='ocrx_word' id='word_1_54' title='bbox 933 646 1019 685; x_wconf 88' lang='lat' dir='ltr'><strong>suam</strong></span> 
     </span>
     <span class='ocr_line' id='line_1_8' title="bbox 210 706 1053 790; baseline -0.001 -21"><span class='ocrx_word' id='word_1_55' title='bbox 210 722 293 771; x_wconf 87' lang='lat' dir='ltr'><strong>aeter</strong></span> <span class='ocrx_word' id='word_1_56' title='bbox 314 709 487 786; x_wconf 80' lang='lat' dir='ltr'><strong>memoriam</strong></span> <span class='ocrx_word' id='word_1_57' title='bbox 508 710 637 770; x_wconf 89' lang='lat' dir='ltr'><strong>nominis</strong></span> <span class='ocrx_word' id='word_1_58' title='bbox 659 707 868 790; x_wconf 85' lang='lat' dir='ltr'><strong>sempiternam</strong></span> <span class='ocrx_word' id='word_1_59' title='bbox 897 706 1017 771; x_wconf 88' lang='lat' dir='ltr'><strong>detulit.</strong></span> <span class='ocrx_word' id='word_1_60' title='bbox 1051 781 1053 783; x_wconf 15' lang='grc' dir='ltr'>Ι</span> 
     </span>
     <span class='ocr_line' id='line_1_9' title="bbox 172 726 1019 877; baseline -0.004 -21"><span class='ocrx_word' id='word_1_61' title='bbox 172 726 447 877; x_wconf 77' lang='lat' dir='ltr'><strong>linitatns&#39;patrem</strong></span> <span class='ocrx_word' id='word_1_62' title='bbox 470 794 487 853; x_wconf 84' lang='lat' dir='ltr'><em>h</em></span> <span class='ocrx_word' id='word_1_63' title='bbox 508 793 689 869; x_wconf 79' lang='lat' dir='ltr'><strong>Africanus,</strong></span> <span class='ocrx_word' id='word_1_64' title='bbox 711 791 807 851; x_wconf 81' lang='lat' dir='ltr'><strong>nihilo</strong></span> <span class='ocrx_word' id='word_1_65' title='bbox 840 790 1019 874; x_wconf 88' lang='lat' dir='ltr'><strong>locupletior</strong></span> 
     </span>
     <span class='ocr_line' id='line_1_10' title="bbox 173 875 1018 959; baseline 0 -22"><span class='ocrx_word' id='word_1_66' title='bbox 173 875 351 959; x_wconf 82' lang='lat' dir='ltr'><strong>Carthagine</strong></span> <span class='ocrx_word' id='word_1_67' title='bbox 383 899 491 938; x_wconf 77' lang='lat' dir='ltr'><strong>eversa.</strong></span> <span class='ocrx_word' id='word_1_68' title='bbox 521 877 631 955; x_wconf 80' lang='lat' dir='ltr'><strong>Quid?</strong></span> <span class='ocrx_word' id='word_1_69' title='bbox 665 877 725 953; x_wconf 85' lang='lat' dir='ltr'><strong>Qui</strong></span> <span class='ocrx_word' id='word_1_70' title='bbox 751 877 814 936; x_wconf 88' lang='lat' dir='ltr'><strong>eius</strong></span> <span class='ocrx_word' id='word_1_71' title='bbox 835 875 949 957; x_wconf 83' lang='lat' dir='ltr'>collega</span> <span class='ocrx_word' id='word_1_72' title='bbox 984 877 1018 937; x_wconf 90' lang='lat' dir='ltr'><strong>in</strong></span> 
     </span>
     <span class='ocr_line' id='line_1_11' title="bbox 121 960 1037 1043; baseline -0.002 -20"><span class='ocrx_word' id='word_1_73' title='bbox 121 968 133 987; x_wconf 73' lang='lat'><em>&#39;</em></span> <span class='ocrx_word' id='word_1_74' title='bbox 172 978 296 1023; x_wconf 74' lang='lat' dir='ltr'><strong>censura</strong></span> <span class='ocrx_word' id='word_1_75' title='bbox 318 961 401 1039; x_wconf 83' lang='lat' dir='ltr'><strong>suit,</strong></span> <span class='ocrx_word' id='word_1_76' title='bbox 422 984 438 1021; x_wconf 88' lang='lat' dir='ltr'><strong>c</strong></span> <span class='ocrx_word' id='word_1_77' title='bbox 462 961 573 1023; x_wconf 86' lang='lat' dir='ltr'><strong>Lucius</strong></span> <span class='ocrx_word' id='word_1_78' title='bbox 595 961 777 1037; x_wconf 78' lang='lat' dir='ltr'><strong>Mummius,</strong></span> <span class='ocrx_word' id='word_1_79' title='bbox 800 960 937 1043; x_wconf 84' lang='lat' dir='ltr'><strong>nunquid</strong></span> <span class='ocrx_word' id='word_1_80' title='bbox 964 983 1037 1040; x_wconf 44' lang='lat' dir='ltr'><strong>cog</strong></span> 
     </span>
     <span class='ocr_line' id='line_1_12' title="bbox 172 1044 1020 1129; baseline 0 -25"><span class='ocrx_word' id='word_1_81' title='bbox 172 1045 311 1129; x_wconf 86' lang='lat' dir='ltr'><strong>piosior,</strong></span> <span class='ocrx_word' id='word_1_82' title='bbox 349 1066 443 1127; x_wconf 89' lang='lat' dir='ltr'><strong>quum</strong></span> <span class='ocrx_word' id='word_1_83' title='bbox 478 1045 711 1128; x_wconf 81' lang='lat' dir='ltr'><strong>copiosissimam</strong></span> <span class='ocrx_word' id='word_1_84' title='bbox 745 1044 847 1105; x_wconf 87' lang='lat' dir='ltr'><strong>urbem</strong></span> <span class='ocrx_word' id='word_1_85' title='bbox 885 1044 1020 1123; x_wconf 81' lang='lat' dir='ltr'><strong>funditus</strong></span> 
     </span>
     <span class='ocr_line' id='line_1_13' title="bbox 173 1128 1017 1212; baseline 0 -22"><span class='ocrx_word' id='word_1_86' title='bbox 173 1129 358 1201; x_wconf 76' lang='lat' dir='ltr'><strong>sustulisset?</strong></span> <span class='ocrx_word' id='word_1_87' title='bbox 374 1130 490 1191; x_wconf 84' lang='lat' dir='ltr'><strong>ltaliam</strong></span> <span class='ocrx_word' id='word_1_88' title='bbox 514 1151 638 1206; x_wconf 87' lang='lat' dir='ltr'><strong>ornare,</strong></span> <span class='ocrx_word' id='word_1_89' title='bbox 661 1150 752 1212; x_wconf 91' lang='lat' dir='ltr'><strong>quam</strong></span> <span class='ocrx_word' id='word_1_90' title='bbox 773 1128 896 1189; x_wconf 87' lang='lat' dir='ltr'><strong>domum</strong></span> <span class='ocrx_word' id='word_1_91' title='bbox 913 1150 1017 1208; x_wconf 88' lang='lat' dir='ltr'><strong>suam,</strong></span> 
     </span>
     <span class='ocr_line' id='line_1_14' title="bbox 118 1212 1019 1296; baseline 0.002 -23"><span class='ocrx_word' id='word_1_92' title='bbox 118 1232 132 1247; x_wconf 80' lang='lat'><strong><em>‘</em></strong></span> <span class='ocrx_word' id='word_1_93' title='bbox 172 1212 300 1273; x_wconf 85' lang='lat' dir='ltr'><strong>maluit:</strong></span> <span class='ocrx_word' id='word_1_94' title='bbox 324 1213 778 1296; x_wconf 75' lang='lat' dir='ltr'><strong>quanquam&#39;ltalia-ornata‚</strong></span> <span class='ocrx_word' id='word_1_95' title='bbox 813 1214 919 1273; x_wconf 90' lang='lat' dir='ltr'><strong>domus</strong></span> <span class='ocrx_word' id='word_1_96' title='bbox 952 1213 1019 1295; x_wconf 85' lang='lat' dir='ltr'><strong>ipsa</strong></span> 
     </span>
     <span class='ocr_line' id='line_1_15' title="bbox 172 1292 1033 1382; baseline 0 -24"><span class='ocrx_word' id='word_1_97' title='bbox 172 1297 247 1358; x_wconf 86' lang='lat' dir='ltr'><strong>mihi</strong></span> <span class='ocrx_word' id='word_1_98' title='bbox 263 1297 381 1358; x_wconf 78' lang='lat' dir='ltr'><strong>videtur</strong></span> <span class='ocrx_word' id='word_1_99' title='bbox 395 1299 537 1358; x_wconf 87' lang='lat' dir='ltr'><strong>ornatior.</strong></span> <span class='ocrx_word' id='word_1_100' title='bbox 551 1292 674 1358; x_wconf 86' lang='lat' dir='ltr'><strong>Nullum</strong></span> <span class='ocrx_word' id='word_1_101' title='bbox 690 1298 782 1382; x_wconf 81' lang='lat' dir='ltr'><strong>igitur</strong></span> <span class='ocrx_word' id='word_1_102' title='bbox 796 1296 901 1358; x_wconf 76' lang='lat' dir='ltr'><strong>vitium</strong></span> <span class='ocrx_word' id='word_1_103' title='bbox 915 1299 1033 1373; x_wconf 86' lang='lat' dir='ltr'><strong>tetrius·</strong></span> 
     </span>
     <span class='ocr_line' id='line_1_16' title="bbox 125 1381 1025 1464; baseline -0.004 -20"><span class='ocrx_word' id='word_1_104' title='bbox 125 1436 131 1451; x_wconf 64' lang='grc'>,</span> <span class='ocrx_word' id='word_1_105' title='bbox 175 1382 232 1458; x_wconf 83' lang='lat' dir='ltr'><strong>(ut</strong></span> <span class='ocrx_word' id='word_1_106' title='bbox 253 1404 314 1457; x_wconf 89' lang='lat' dir='ltr'><strong>eo,</strong></span> <span class='ocrx_word' id='word_1_107' title='bbox 336 1383 417 1443; x_wconf 89' lang='lat' dir='ltr'><strong>unde</strong></span> <span class='ocrx_word' id='word_1_108' title='bbox 440 1382 567 1464; x_wconf 86' lang='lat' dir='ltr'><strong>digressa</strong></span> <span class='ocrx_word' id='word_1_109' title='bbox 598 1393 663 1457; x_wconf 88' lang='lat' dir='ltr'><strong>est,</strong></span> <span class='ocrx_word' id='word_1_110' title='bbox 692 1382 805 1445; x_wconf 71' lang='lat' dir='ltr'><strong>reserat,</strong></span> <span class='ocrx_word' id='word_1_111' title='bbox 828 1403 858 1441; x_wconf 90' lang='lat' dir='ltr'><strong>se</strong></span> <span class='ocrx_word' id='word_1_112' title='bbox 894 1381 1025 1461; x_wconf 54' lang='lat' dir='ltr'><strong>oratio}</strong></span> 
     </span>
     <span class='ocr_line' id='line_1_17' title="bbox 172 1465 1053 1549; baseline -0.003 -23"><span class='ocrx_word' id='word_1_113' title='bbox 172 1475 264 1548; x_wconf 85' lang='lat' dir='ltr'><strong>quam</strong></span> <span class='ocrx_word' id='word_1_114' title='bbox 286 1469 426 1543; x_wconf 84' lang='lat' dir='ltr'><strong>avaritia,</strong></span> <span class='ocrx_word' id='word_1_115' title='bbox 440 1465 612 1548; x_wconf 89' lang='lat' dir='ltr'><strong>praesertim</strong></span> <span class='ocrx_word' id='word_1_116' title='bbox 624 1467 654 1524; x_wconf 91' lang='lat' dir='ltr'><strong>in</strong></span> <span class='ocrx_word' id='word_1_117' title='bbox 667 1465 851 1549; x_wconf 87' lang='lat' dir='ltr'><strong>principibus</strong></span> <span class='ocrx_word' id='word_1_118' title='bbox 878 1466 1028 1549; x_wconf 82' lang='lat' dir='ltr'><strong>rempub..</strong></span> <span class='ocrx_word' id='word_1_119' title='bbox 1049 1490 1053 1495; x_wconf 59' lang='lat'><strong><em>¹</em></strong></span> 
     </span>
     <span class='ocr_line' id='line_1_18' title="bbox 172 1549 1019 1633; baseline 0.005 -25"><span class='ocrx_word' id='word_1_120' title='bbox 172 1550 414 1632; x_wconf 71' lang='lat' dir='ltr'><strong>gubernantibus.</strong></span> <span class='ocrx_word' id='word_1_121' title='bbox 449 1550 566 1610; x_wconf 86' lang='lat' dir='ltr'><strong>Habere</strong></span> <span class='ocrx_word' id='word_1_122' title='bbox 600 1550 681 1611; x_wconf 90' lang='lat' dir='ltr'><strong>enim</strong></span> <span class='ocrx_word' id='word_1_123' title='bbox 713 1549 849 1633; x_wconf 86' lang='lat' dir='ltr'><strong>quaestui</strong></span> <span class='ocrx_word' id='word_1_124' title='bbox 876 1549 1019 1632; x_wconf 84' lang='lat' dir='ltr'><strong>rempub.</strong></span> 
     </span>
     <span class='ocr_line' id='line_1_19' title="bbox 172 1632 1019 1716; baseline -0.001 -22"><span class='ocrx_word' id='word_1_125' title='bbox 172 1654 234 1694; x_wconf 89' lang='lat' dir='ltr'><strong>non</strong></span> <span class='ocrx_word' id='word_1_126' title='bbox 256 1632 345 1694; x_wconf 90' lang='lat' dir='ltr'><strong>modo</strong></span> <span class='ocrx_word' id='word_1_127' title='bbox 368 1649 456 1716; x_wconf 90' lang='lat' dir='ltr'><strong>turpe</strong></span> <span class='ocrx_word' id='word_1_128' title='bbox 479 1647 548 1710; x_wconf 90' lang='lat' dir='ltr'><strong>est,</strong></span> <span class='ocrx_word' id='word_1_129' title='bbox 571 1635 623 1695; x_wconf 90' lang='lat' dir='ltr'><strong>sed</strong></span> <span class='ocrx_word' id='word_1_130' title='bbox 645 1634 822 1696; x_wconf 86' lang='lat' dir='ltr'><strong>sceleratum</strong></span> <span class='ocrx_word' id='word_1_131' title='bbox 849 1635 1019 1709; x_wconf 84' lang='lat' dir='ltr'><strong>etiam,·et</strong></span> 
     </span>
     <span class='ocr_line' id='line_1_20' title="bbox 173 1715 1019 1801; baseline 0.001 -24"><span class='ocrx_word' id='word_1_132' title='bbox 173 1715 329 1778; x_wconf 80' lang='lat' dir='ltr'><strong>nefarium.</strong></span> <span class='ocrx_word' id='word_1_133' title='bbox 345 1717 486 1801; x_wconf 86' lang='lat' dir='ltr'><strong>dltaque</strong></span> <span class='ocrx_word' id='word_1_134' title='bbox 503 1718 583 1800; x_wconf 90' lang='lat' dir='ltr'><strong>quod</strong></span> <span class='ocrx_word' id='word_1_135' title='bbox 598 1717 710 1801; x_wconf 76' lang='lat' dir='ltr'><strong>Apollo</strong></span> <span class='ocrx_word' id='word_1_136' title='bbox 726 1719 851 1800; x_wconf 78' lang='lat' dir='ltr'><strong>Pythius</strong></span> <span class='ocrx_word' id='word_1_137' title='bbox 863 1717 1019 1789; x_wconf 88' lang='lat' dir='ltr'><strong>oraculum</strong></span> 
     </span>
     <span class='ocr_line' id='line_1_21' title="bbox 173 1799 1021 1884; baseline 0.005 -25"><span class='ocrx_word' id='word_1_138' title='bbox 173 1799 269 1861; x_wconf 79' lang='lat' dir='ltr'><strong>edidit</strong></span> <span class='ocrx_word' id='word_1_139' title='bbox 290 1802 426 1884; x_wconf 80' lang='lat' dir='ltr'><strong>Spartam</strong></span> <span class='ocrx_word' id='word_1_140' title='bbox 450 1801 534 1862; x_wconf 93' lang='lat' dir='ltr'><strong>nulla</strong></span> <span class='ocrx_word' id='word_1_141' title='bbox 555 1826 587 1863; x_wconf 90' lang='lat' dir='ltr'><strong>re</strong></span> <span class='ocrx_word' id='word_1_142' title='bbox 609 1803 690 1877; x_wconf 86' lang='lat' dir='ltr'><strong>alia3</strong></span> <span class='ocrx_word' id='word_1_143' title='bbox 723 1803 778 1863; x_wconf 90' lang='lat' dir='ltr'><strong>nisi</strong></span> <span class='ocrx_word' id='word_1_144' title='bbox 811 1803 933 1863; x_wconf 77' lang='lat' dir='ltr'><strong>avaritia</strong></span> <span class='ocrx_word' id='word_1_145' title='bbox 966 1825 1021 1884; x_wconf 87' lang='lat' dir='ltr'><strong>pe·</strong></span> 
     </span>
     <span class='ocr_line' id='line_1_22' title="bbox 172 1884 1018 1965; baseline -0.002 -17"><span class='ocrx_word' id='word_1_146' title='bbox 172 1885 324 1963; x_wconf 71' lang='lat' dir='ltr'><strong>situram,</strong></span> <span class='ocrx_word' id='word_1_147' title='bbox 348 1884 379 1947; x_wconf 91' lang='lat' dir='ltr'><strong>id</strong></span> <span class='ocrx_word' id='word_1_148' title='bbox 401 1886 519 1965; x_wconf 80' lang='lat' dir='ltr'><strong>videtur</strong></span> <span class='ocrx_word' id='word_1_149' title='bbox 540 1908 607 1947; x_wconf 60' lang='lat' dir='ltr'><strong>non&gt;</strong></span> <span class='ocrx_word' id='word_1_150' title='bbox 624 1889 720 1948; x_wconf 89' lang='lat' dir='ltr'><strong>solum</strong></span> <span class='ocrx_word' id='word_1_151' title='bbox 747 1887 1018 1963; x_wconf 79' lang='lat' dir='ltr'><strong>Lacedaemoniis,</strong></span> 
     </span>
     <span class='ocr_line' id='line_1_23' title="bbox 173 1969 1019 2054; baseline 0.002 -24"><span class='ocrx_word' id='word_1_152' title='bbox 173 1969 227 2035; x_wconf 90' lang='lat' dir='ltr'><strong>sed</strong></span> <span class='ocrx_word' id='word_1_153' title='bbox 263 1982 293 2028; x_wconf 93' lang='lat' dir='ltr'><strong>et</strong></span> <span class='ocrx_word' id='word_1_154' title='bbox 326 1971 464 2032; x_wconf 87' lang='lat' dir='ltr'><strong>omnibus</strong></span> <span class='ocrx_word' id='word_1_155' title='bbox 498 1972 649 2054; x_wconf 90' lang='lat' dir='ltr'><strong>opulentis</strong></span> <span class='ocrx_word' id='word_1_156' title='bbox 681 1971 801 2054; x_wconf 90' lang='lat' dir='ltr'><strong>populis</strong></span> <span class='ocrx_word' id='word_1_157' title='bbox 826 1969 1019 2054; x_wconf 76' lang='lat' dir='ltr'><strong>praedixisse.</strong></span> 
     </span>
     <span class='ocr_line' id='line_1_24' title="bbox 173 2052 1019 2129; baseline -0.001 -12"><span class='ocrx_word' id='word_1_158' title='bbox 173 2052 265 2117; x_wconf 78' lang='lat' dir='ltr'><strong>llulla</strong></span> <span class='ocrx_word' id='word_1_159' title='bbox 286 2067 440 2116; x_wconf 48' lang='lat' dir='ltr'><strong>autem&#39;re</strong></span> <span class='ocrx_word' id='word_1_160' title='bbox 462 2056 621 2129; x_wconf 81' lang='lat' dir='ltr'><strong>conciliare</strong></span> <span class='ocrx_word' id='word_1_161' title='bbox 642 2055 757 2117; x_wconf 80' lang='lat' dir='ltr'><strong>facilius</strong></span> <span class='ocrx_word' id='word_1_162' title='bbox 778 2055 1019 2116; x_wconf 80' lang='lat' dir='ltr'><strong>benevolentiam</strong></span> 
     </span>
     <span class='ocr_line' id='line_1_25' title="bbox 173 2136 1050 2222; baseline 0 -23"><span class='ocrx_word' id='word_1_163' title='bbox 173 2136 373 2199; x_wconf 88' lang='lat' dir='ltr'><strong>multitudinis</strong></span> <span class='ocrx_word' id='word_1_164' title='bbox 394 2153 517 2222; x_wconf 87' lang='lat' dir='ltr'><strong>possunt</strong></span> <span class='ocrx_word' id='word_1_165' title='bbox 536 2143 584 2219; x_wconf 88' lang='lat' dir='ltr'><strong>ii,</strong></span> <span class='ocrx_word' id='word_1_166' title='bbox 619 2141 672 2221; x_wconf 91' lang='lat' dir='ltr'><strong>qui</strong></span> <span class='ocrx_word' id='word_1_167' title='bbox 705 2140 823 2222; x_wconf 87' lang='lat' dir='ltr'><strong>reipub.</strong></span> <span class='ocrx_word' id='word_1_168' title='bbox 852 2152 1018 2221; x_wconf 85' lang='lat' dir='ltr'><strong>praesunt,</strong></span> <span class='ocrx_word' id='word_1_169' title='bbox 1045 2192 1050 2215; x_wconf 36' lang='lat'><strong>,2</strong></span> 
     </span>
     <span class='ocr_line' id='line_1_26' title="bbox 103 2222 1018 2306; baseline 0 -24"><span class='ocrx_word' id='word_1_170' title='bbox 103 2244 129 2263; x_wconf 91' lang='lat'><strong>··</strong></span> <span class='ocrx_word' id='word_1_171' title='bbox 176 2244 266 2305; x_wconf 87' lang='lat' dir='ltr'><strong>quam</strong></span> <span class='ocrx_word' id='word_1_172' title='bbox 289 2222 489 2302; x_wconf 85' lang='lat' dir='ltr'><strong>abstinentia,</strong></span> <span class='ocrx_word' id='word_1_173' title='bbox 512 2238 543 2285; x_wconf 90' lang='lat' dir='ltr'><strong>et</strong></span> <span class='ocrx_word' id='word_1_174' title='bbox 563 2224 840 2301; x_wconf 44' lang='lat' dir='ltr'><strong>continentia.⁴Qui</strong></span> <span class='ocrx_word' id='word_1_175' title='bbox 863 2246 932 2284; x_wconf 86' lang='lat' dir='ltr'><strong>vero</strong></span> <span class='ocrx_word' id='word_1_176' title='bbox 960 2247 1018 2306; x_wconf 92' lang='lat' dir='ltr'><strong>po·</strong></span> 
     </span>
     <span class='ocr_line' id='line_1_27' title="bbox 117 2306 1020 2391; baseline 0.002 -27"><span class='ocrx_word' id='word_1_177' title='bbox 117 2361 120 2364; x_wconf 81' lang='grc'><em>,</em></span> <span class='ocrx_word' id='word_1_178' title='bbox 173 2306 294 2390; x_wconf 82' lang='lat' dir='ltr'><strong>pulcres</strong></span> <span class='ocrx_word' id='word_1_179' title='bbox 321 2328 385 2367; x_wconf 90' lang='lat' dir='ltr'><strong>esse</strong></span> <span class='ocrx_word' id='word_1_180' title='bbox 413 2309 540 2386; x_wconf 79' lang='lat' dir='ltr'><strong>volunt,</strong></span> <span class='ocrx_word' id='word_1_181' title='bbox 568 2310 609 2370; x_wconf 71' lang='lat' dir='ltr'><strong>o&#39;b</strong></span> <span class='ocrx_word' id='word_1_182' title='bbox 641 2331 766 2391; x_wconf 84' lang='lat' dir='ltr'><strong>eamque</strong></span> <span class='ocrx_word' id='word_1_183' title='bbox 799 2322 931 2370; x_wconf 86' lang='lat' dir='ltr'><strong>caussam</strong></span> <span class='ocrx_word' id='word_1_184' title='bbox 965 2320 1020 2367; x_wconf 85' lang='lat' dir='ltr'><strong>aut</strong></span> 
     </span>
     <span class='ocr_line' id='line_1_28' title="bbox 176 2390 1022 2478; baseline -0.004 -23"><span class='ocrx_word' id='word_1_185' title='bbox 176 2390 320 2474; x_wconf 79' lang='lat' dir='ltr'><strong>agrariam</strong></span> <span class='ocrx_word' id='word_1_186' title='bbox 341 2413 405 2454; x_wconf 88' lang='lat' dir='ltr'><strong>rem</strong></span> <span class='ocrx_word' id='word_1_187' title='bbox 418 2404 557 2471; x_wconf 88' lang='lat' dir='ltr'><strong>tentant,</strong></span> <span class='ocrx_word' id='word_1_188' title='bbox 580 2406 615 2456; x_wconf 88' lang='lat' dir='ltr'><strong>ut</strong></span> <span class='ocrx_word' id='word_1_189' title='bbox 628 2414 807 2478; x_wconf 86' lang='lat' dir='ltr'><strong>possessores</strong></span> <span class='ocrx_word' id='word_1_190' title='bbox 823 2395 882 2454; x_wconf 90' lang='lat' dir='ltr'><strong>suis</strong></span> <span class='ocrx_word' id='word_1_191' title='bbox 897 2391 1022 2453; x_wconf 89' lang='lat' dir='ltr'><strong>sedibus</strong></span> 
     </span>
    </p>
   </div>
   <div class='ocr_carea' id='block_1_2' title="bbox 175 2655 1024 2977">
    <p class='ocr_par' dir='ltr' id='par_1_2' title="bbox 175 2655 1023 2777">
     <span class='ocr_line' id='line_1_29' title="bbox 175 2655 1023 2728; baseline -0.001 -15"><span class='ocrx_word' id='word_1_192' title='bbox 175 2676 193 2713; x_wconf 78' lang='lat' dir='ltr'><strong>a</strong></span> <span class='ocrx_word' id='word_1_193' title='bbox 210 2655 289 2710; x_wconf 86' lang='lat' dir='ltr'><strong>Pauli</strong></span> <span class='ocrx_word' id='word_1_194' title='bbox 304 2655 423 2710; x_wconf 81' lang='lat' dir='ltr'><strong>AEmilii</strong></span> <span class='ocrx_word' id='word_1_195' title='bbox 439 2657 469 2710; x_wconf 89' lang='lat' dir='ltr'><strong>in</strong></span> <span class='ocrx_word' id='word_1_196' title='bbox 491 2660 603 2713; x_wconf 85' lang='lat' dir='ltr'><strong>victoria</strong></span> <span class='ocrx_word' id='word_1_197' title='bbox 626 2660 723 2713; x_wconf 83' lang='lat' dir='ltr'><strong>Persae</strong></span> <span class='ocrx_word' id='word_1_198' title='bbox 752 2660 919 2725; x_wconf 81' lang='lat' dir='ltr'><strong>abstinentia.</strong></span> <span class='ocrx_word' id='word_1_199' title='bbox 947 2659 1023 2728; x_wconf 78' lang='lat' dir='ltr'><strong>Lege</strong></span> 
     </span>
     <span class='ocr_line' id='line_1_30' title="bbox 208 2722 787 2777; baseline 0.005 -3"><span class='ocrx_word' id='word_1_200' title='bbox 208 2722 390 2777; x_wconf 80' lang='lat' dir='ltr'><strong>Plutarchum.</strong></span> <span class='ocrx_word' id='word_1_201' title='bbox 541 2734 543 2738; x_wconf 83' lang='grc'>’</span> <span class='ocrx_word' id='word_1_202' title='bbox 665 2727 672 2735; x_wconf 70' lang='grc'><strong>“</strong></span> <span class='ocrx_word' id='word_1_203' title='bbox 786 2750 787 2753; x_wconf 46' lang='grc'><strong>“</strong></span> 
     </span>
    </p>

    <p class='ocr_par' dir='ltr' id='par_1_3' title="bbox 176 2790 852 2864">
     <span class='ocr_line' id='line_1_31' title="bbox 176 2790 852 2864; baseline 0.004 -24"><span class='ocrx_word' id='word_1_204' title='bbox 176 2794 191 2846; x_wconf 79' lang='lat' dir='ltr'><strong>b</strong></span> <span class='ocrx_word' id='word_1_205' title='bbox 209 2790 301 2858; x_wconf 73' lang='lat' dir='ltr'><strong>Scipio</strong></span> <span class='ocrx_word' id='word_1_206' title='bbox 318 2791 511 2860; x_wconf 82' lang='lat' dir='ltr'><strong>AEmilianus,</strong></span> <span class='ocrx_word' id='word_1_207' title='bbox 530 2795 578 2864; x_wconf 88' lang='lat' dir='ltr'><strong>qui</strong></span> <span class='ocrx_word' id='word_1_208' title='bbox 595 2795 737 2847; x_wconf 77' lang='lat' dir='ltr'><strong>Africanus</strong></span> <span class='ocrx_word' id='word_1_209' title='bbox 754 2797 852 2847; x_wconf 85' lang='lat' dir='ltr'><strong>minor.</strong></span> 
     </span>
    </p>

    <p class='ocr_par' dir='ltr' id='par_1_4' title="bbox 175 2859 1024 2977">
     <span class='ocr_line' id='line_1_32' title="bbox 175 2859 1024 2975; baseline 0.008 -67"><span class='ocrx_word' id='word_1_210' title='bbox 175 2878 191 2918; x_wconf 73' lang='lat' dir='ltr'><strong>c</strong></span> <span class='ocrx_word' id='word_1_211' title='bbox 208 2859 355 2975; x_wconf 41' lang='lat' dir='ltr'><strong>ipjummius</strong></span> <span class='ocrx_word' id='word_1_212' title='bbox 365 2859 514 2929; x_wconf 81' lang='lat' dir='ltr'><strong>Achaicus,</strong></span> <span class='ocrx_word' id='word_1_213' title='bbox 528 2877 617 2918; x_wconf 83' lang='lat' dir='ltr'><strong>eversa</strong></span> <span class='ocrx_word' id='word_1_214' title='bbox 629 2863 776 2931; x_wconf 73' lang='lat' dir='ltr'><strong>Cironium,</strong></span> <span class='ocrx_word' id='word_1_215' title='bbox 789 2867 821 2918; x_wconf 84' lang='lat' dir='ltr'><strong>ab</strong></span> <span class='ocrx_word' id='word_1_216' title='bbox 838 2862 910 2917; x_wconf 87' lang='lat' dir='ltr'><strong>omni</strong></span> <span class='ocrx_word' id='word_1_217' title='bbox 920 2861 1024 2934; x_wconf 80' lang='lat' dir='ltr'><strong>praeda</strong></span> 
     </span>
     <span class='ocr_line' id='line_1_33' title="bbox 209 2934 954 2977; baseline 0.007 -2"><span class='ocrx_word' id='word_1_218' title='bbox 209 2945 222 2975; x_wconf 89' lang='lat' dir='ltr'><strong>a</strong></span> <span class='ocrx_word' id='word_1_219' title='bbox 243 2934 344 2977; x_wconf 87' lang='lat' dir='ltr'><strong>strnurt.</strong></span> <span class='ocrx_word' id='word_1_220' title='bbox 649 2939 653 2944; x_wconf 80' lang='grc'><em>“</em></span> <span class='ocrx_word' id='word_1_221' title='bbox 920 2966 923 2969; x_wconf 23' lang='lat' dir='ltr'>x</span> <span class='ocrx_word' id='word_1_222' title='bbox 952 2956 954 2963; x_wconf 30' lang='grc' dir='ltr'><em>ι</em></span> 
     </span>
    </p>
   </div>
   <div class='ocr_carea' id='block_1_3' title="bbox 92 2991 647 3083">
    <p class='ocr_par' dir='ltr' id='par_1_5' title="bbox 92 2991 647 3083">
     <span class='ocr_line' id='line_1_34' title="bbox 92 2991 647 3083; baseline 0.018 -42"><span class='ocrx_word' id='word_1_223' title='bbox 92 3032 100 3041; x_wconf 71' lang='grc'>,</span> <span class='ocrx_word' id='word_1_224' title='bbox 175 2991 359 3051; x_wconf 80' lang='lat' dir='ltr'><strong>dOraculam</strong></span> <span class='ocrx_word' id='word_1_225' title='bbox 377 2993 488 3066; x_wconf 84' lang='lat' dir='ltr'><strong>Spartae</strong></span> <span class='ocrx_word' id='word_1_226' title='bbox 506 2995 647 3083; x_wconf 77' lang='lat' dir='ltr'><strong>redditam.</strong></span> 
     </span>
    </p>
   </div>
   <div class='ocr_carea' id='block_1_4' title="bbox 0 0 1187 3567">
    <p class='ocr_par' dir='ltr' id='par_1_6' title="bbox 0 0 1187 3567">
     <span class='ocr_line' id='line_1_35' title="bbox 0 0 1187 3567; baseline 0 0"><span class='ocrx_word' id='word_1_227' title='bbox 0 0 1187 3567; x_wconf 95' lang='lat' dir='ltr'><strong> </strong></span> 
     </span>
    </p>
   </div>
  </div>
 </body>
</html>
