2359 3567
260 172 319 236 stt
446 179 480 218 ι.
499 176 530 219 r.
549 175 649 219 ercan.
670 176 707 217 ne
727 175 822 218 orate.

215 256 281 318 est,
303 263 418 323 quam,
441 264 488 302 me
510 242 655 318 consule,
677 264 715 301 ne
737 241 911 302 solveretur.
939 240 1062 324 Armis,
1090 305 1094 310 ,

214 340 246 387 et
266 327 369 387 castris
390 339 503 387 tentata
523 347 569 386 res
589 340 636 387 est
655 324 698 386 ab
716 326 800 386 omni
822 348 941 407 genere·
957 327 1075 388 honrinv

215 433 312 487 num,
328 423 359 470 et
372 411 495 472 ordine:
510 411 623 492 quibus
636 409 679 470 sic
693 410 805 486 restiti,
819 423 852 471 ut
870 410 927 470 hoc
945 424 1062 471 tantum

215 495 329 556 malum
351 494 389 554 (le
410 517 443 555 re
465 495 515 554 ub.
538 496 705 556 tolleretur.
718 492 879 577 Nunquam
895 517 951 555 nec
965 497 1062 559 maius

215 601 266 640 aes
287 579 420 639 alienum
441 518 521 654 lirit3
545 602 602 639 nee
623 579 757 654 melius,
780 602 834 640 neo
857 579 975 640 [acilius
996 578 1060 638 dis·

215 664 349 725 solutum
368 676 422 723 est.
446 663 619 725 Fraudandi
640 664 721 724 enim
744 686 796 745 spe
832 662 975 739 sublata,
999 663 1063 722 sol·

213 746 307 808 rendi
327 749 484 809 necessitas
504 762 663 809 consecuta
690 761 744 807 est.
777 769 797 805 a
831 751 873 810 At
909 770 979 809 rem
1013 749 1064 808 hic

217 854 298 892 nunc
319 831 431 910 victor,
448 845 510 893 tum
533 832 661 914 quidem
680 831 793 907 rictus,
808 852 886 912 quae
899 833 1064 914 cogitarat,

214 937 253 975 ea
272 915 437 998 perfecit,
470 939 563 998 quum
600 917 665 978 eius
693 917 752 976 iam
784 916 861 977 nibil
895 918 1066 976 interesset.
1172 932 1173 955 ³

216 1000 316 1061 Tanta
339 999 369 1058 in
391 1022 427 1059 eo
448 1001 593 1083 peccandi
615 992 711 1062 libido
735 999 817 1076 luit,
839 1014 873 1062 ut
894 1001 951 1060 boc
964 1000 1068 1080 ipsum

215 1105 288 1143 eum
309 1081 472 1144 delectaret
484 1106 610 1166 peccare
623 1132 632 1162 ,
653 1085 772 1146 etiamsi
784 1105 888 1145 caussa
903 1107 963 1144 non
976 1098 1065 1144 esset.

218 1165 267 1228 Ab
290 1168 346 1228 hoo
365 1162 460 1249 igitur
478 1190 585 1250 genere
609 1169 790 1252 largitionis,
806 1181 840 1230 ut
861 1168 929 1229 aliis
950 1168 1067 1244 (letur,
1173 1228 1174 1237 ,

216 1250 286 1312 aliis
306 1251 484 1329 auferatur,
505 1253 637 1317 aberunt
659 1255 707 1331 ii,
736 1254 787 1338 qui
820 1252 962 1335 rempub.
997 1265 1065 1313 tue·

216 1334 342 1396 buntur.
367 1337 402 1397 ln
423 1337 590 1421 primisque
612 1361 735 1422 operam
757 1337 894 1412 dabunt,
915 1349 951 1399 ut
973 1336 1066 1413 iuris,

216 1432 250 1479 et
271 1419 454 1482 iudiciorum
479 1424 633 1505 aequitate
661 1445 748 1485 suum
774 1421 906 1505 quisque
942 1433 1065 1482 teneat:

216 1526 318 1585 neque
341 1508 489 1567 tenuiores
511 1521 634 1591 propter
662 1509 862 1570 humilitatem
894 1507 1067 1568 circumre-

217 1589 363 1666 niantur,
388 1593 713 1674 neque'locupletibus
734 1593 841 1653 adsue
856 1592 902 1651 rel
916 1589 1066 1666 tenenda,

218 1671 266 1732 rel
288 1674 493 1756 recuperanda
514 1676 595 1737 obsit
617 1676 741 1738 invidia.
763 1677 921 1739 Praeterea
942 1673 1066 1755 quibus·

211 1778 349 1849 ,cumque
370 1759 459 1820 rebus
482 1761 528 1821 rel
564 1761 667 1839 belli,
701 1762 748 1823 rel
781 1761 863 1820 domi
897 1770 1067 1840 poterunt>
1173 1798 1175 1831 t

218 1862 314 1923 remp.
330 1858 460 1925 augeant
473 1845 622 1929 imperio,
642 1848 739 1930 agris,
760 1842 968 1925 vectigalibus.
984 1841 1066 1901 Haec
1173 1893 1175 1913 ,

218 1947 393 2007 magnorum
418 1930 573 1991 hominum
595 1945 689 1992 sunt:
718 1932 792 1991 baec
818 1925 900 2010 apud
937 1925 1067 1986 maiores
1171 1926 1176 1944 ¹

218 2025 335 2071 nostros
357 2012 500 2075 lectitata.
522 2013 607 2075 Haec
627 2038 734 2096 genera
748 2012 915 2094 officiorum
932 2010 985 2091 qui
1001 2032 1067 2092 per·

216 2110 408 2177 sequuntur,
431 2122 499 2159 cum
516 2120 634 2179 summa
649 2100 780 2161 utilitate
794 2096 912 2180 reipub,
928 2117 1067 2177 magnam

219 2179 278 2241 sibi
299 2179 505 2263 adipiscentur
525 2196 558 2243 et
579 2185 728 2268 gratiam,
750 2198 780 2245 et
807 2181 944 2265 gloriam.
979 2180 998 2238 b
1030 2178 1066 2239 lu

219 2265 268 2328 his
289 2276 389 2326 autem
412 2266 577 2328 utilitatum
589 2269 754 2353 praeceptis
779 2267 940 2347 Antipater
954 2261 1067 2344 Tyrius

218 2348 360 2425 Stoicus,
382 2350 436 2433 qui
459 2352 585 2413 Athenis
621 2376 718 2436 nuper
738 2366 783 2414 est
816 2362 974 2422 mortuus,
1003 2346 1066 2406 duo

133 2482 153 2509 -.
219 2435 383 2520 praeterita
404 2448 507 2496 censet
533 2459 595 2497 esse
628 2461 646 2498 a
682 2437 852 2512 Panaetio,
887 2431 1068 2495 valetudinis

220 2519 429 2595 curationem,
451 2532 482 2579 et
503 2522 677 2603 pecuniae3
712 2545 786 2605 quas
820 2543 866 2581 res
898 2543 917 2579 a
949 2538 1066 2591 summo

137 2647 141 2651 -
217 2606 401 2689 philosopho
422 2607 596 2687 praeteritas
617 2608 773 2684 arbitror,
796 2603 877 2689 quod
897 2614 1000 2663 esseut
1019 2599 1065 2661 la-

220 2692 293 2755 eiles
309 2714 319 2768 3
342 2703 412 2754 suut
430 2703 513 2752 certe
533 2691 635 2754 utiles.

128 2974 132 2979 ’
219 2995 240 3028 α
257 2975 355 3028 Caesar
371 2978 468 3030 acriter
485 2983 598 3029 taxatus.

224 3043 240 3100 l
257 3043 400 3109 Panaetius
418 3064 434 3099 a
448 3045 583 3106 Cicerone
600 3044 836 3101 detestaremur
853 3013 1034 3113 Auximum
1066 3096 1072 3109 ,
