2359 3567
414 210 463 259 sur
486 214 523 259 aa
544 211 713 256 sanaorm.
884 193 944 276 275

146 277 317 349 Tarentum
341 279 479 354 venisse,
501 278 539 341 L.
561 276 712 352 Camillo,
743 277 825 358 App.
859 276 988 341 Claudio
1006 346 1008 351 ,

144 367 342 441 consulibus,
366 362 498 445 reperio.
522 363 675 441 Quorsum
698 362 796 423 haee?
819 374 852 423 ut
872 361 987 424 intelli·

143 449 242 529 gatis,
263 448 291 509 si
313 452 497 528 voluptatem
517 447 673 529 aspernari
700 449 841 519 ratione,
874 460 906 507 et
939 468 987 508 sa·
1078 484 1080 490 ·

143 533 261 613 pientia
283 554 343 593 nou
366 553 545 611 possemus,
567 552 705 610 maguam
735 530 903 592 habendam
939 552 988 593 se-

143 617 428 698 nectutigratiam,
451 638 529 698 quae
550 616 706 688 efficeret,
740 627 774 675 ut
809 615 839 674 id
862 636 923 675 non
952 615 989 674 ii·

141 697 255 776 beret‚
278 700 358 781 quod
383 698 444 769 non
466 711 628 781 oporteret.
653 698 784 781 impedit
805 698 886 758 enim
913 720 987 759 con·

143 783 245 843 silium
269 783 415 865 voluptas,
442 782 554 842 rationi
575 782 697 843 inimica
720 795 774 855 est,
797 804 832 843 ac
853 783 988 861 mentis,
1034 860 1037 865 θ

143 880 177 932 at
200 867 318 941 dicam,
342 867 514 948 perstringit
537 869 662 940 oculos,
686 888 740 926 neo
765 866 856 926 hahet
891 866 990 929 ulium

142 972 212 1011 enm
235 952 345 1011 virtute
366 951 588 1011 commercium.
613 951 866 1030 lnvitusquidem
879 950 953 1024 ieci,
968 974 990 1012 a

54 1046 58 1051 “
142 1045 178 1094 nt
200 1033 354 1105 fortissimi
380 1034 431 1093 viri
454 1035 492 1094 T.
516 1034 678 1094 Flaminini
703 1034 827 1095 fratrem
856 1028 988 1096 L.'Fta·

124 1118 293 1201 ‚mininam
315 1142 332 1179 e
354 1131 458 1178 senatu
480 1117 623 1198 ejicerem
645 1130 759 1200 septem
794 1120 882 1182 annis
909 1131 989 1201 post·

143 1222 234 1282 qnam
256 1205 360 1271 consul
385 1201 503 1261 inisset:
527 1202 577 1261 sed
602 1203 705 1282 putari
730 1203 893 1262 notandam
909 1203 988 1264 tibi·

143 1284 256 1345 dinem.
280 1287 337 1346 llie
359 1285 439 1345 enim
463 1280 556 1366 quani
578 1295 655 1344 esset
677 1285 779 1344 consui
793 1286 834 1344 ‘in
856 1285 988 1361 Gallia,
1015 1294 1023 1302 ”

143 1381 284 1429 exoratus
308 1372 338 1430 in
362 1369 498 1431 convivio
531 1390 548 1428 a
584 1381 690 1445 scorto
713 1381 853 1440 est‚-ut
889 1370 989 1430 securi

143 1444 255 1513 feriret
268 1453 401 1534 aliquem
415 1474 531 1525 eorum,
545 1453 599 1534 qui
613 1452 773 1513 insineuiis
786 1462 885 1513 essent
900 1451 986 1512 dam·

142 1537 206 1609 pati
229 1537 274 1599 rei
297 1537 449 1620 capitalis.
468 1536 526 1598 Hic
548 1537 620 1597 Tito
645 1535 737 1596 fratre
767 1558 821 1597 suo
843 1558 988 1613 censore,

142 1622 196 1701 qni
219 1623 465 1701 proximusaute
489 1643 538 1680 me
561 1621 662 1681 suerat
685 1621 803 1702 elapsus
825 1632 886 1679 est:
911 1623 988 1683 mihi

142 1726 214 1765 vero
236 1717 266 1765 et
288 1704 399 1766 Flacco
422 1706 599 1787 neutiquam
631 1705 751 1786 probari
789 1704 889 1786 potuit
927 1719 988 1766 tam

141 1787 298 1869 flagitiosa,
322 1802 352 1848 et
375 1802 434 1858 tam
457 1791 575 1870 perdita
600 1788 707 1861 libido,
730 1811 808 1870 quae
831 1810 898 1849 cum
912 1810 987 1869 pro·

140 1870 196 1931 bro
219 1874 336 1953 privato
359 1873 553 1954 coniungeret
574 1872 695 1954 imperii
718 1872 862 1932 dedecus.
885 1875 988 1956 Saepe

140 1954 243 2015 audiri
264 1958 283 2014 'a
306 1955 469 2014 maioribus
493 1969 582 2030 natu,
605 1956 657 2038 qni
681 1978 713 2017 se
734 1979 824 2037 porro
847 1978 988 2038 pnes-osa

141 2039 267 2103 senibus
289 2037 435 2099 audivisse
457 2038 618 2113 dicebant,
641 2040 658 2111 b
681 2041 784 2100 mirari
807 2041 929 2102 solitum
952 2041 993 2106 C.

87 2166 98 2169 --
127 2121 316 2193 ‘Fabricium
334 2156 345 2195 ‚v
365 2124 446 2204 qnod
471 2146 563 2204 quum
586 2124 704 2205 capud
728 2148 828 2213 regem
860 2126 987 2207 Pyrrum

141 2205 255 2289 legatus
278 2220 365 2281 esset,
378 2206 510 2267 audisset
533 2230 550 2268 a
571 2207 715 2269 Thessalo
738 2209 837 2291 Cynea
853 2209 876 2268 d
892 2212 988 2272 Athe-

142 2289 189 2350 nis
210 2313 271 2351 esse
293 2290 472 2374 quemdam,
496 2293 547 2373 qui
570 2313 602 2351 se
623 2295 790 2374 sapientem
826 2294 985 2375 profitere·

26 2376 30 2384 '
58 2448 62 2454 .
142 2382 216 2448 tur3
236 2397 368 2457 eumque
390 2374 512 2447 dicere,
535 2378 637 2437 omnia
659 2398 737 2457 quae
754 2377 986 2450 faceremus,ad

140 2460 329 2541 vniuptapem
350 2480 414 2520 esse
435 2460 606 2521 reserenda.
629 2459 719 2535 Quod
743 2482 781 2519 cx
803 2484 838 2518 eo
858 2458 985 2522 audien·

142 2553 210 2618 tes,
226 2544 274 2610 dt.
296 2542 421 2605 Curium
442 2557 473 2605 et
495 2545 599 2605 Titum
621 2543 844 2605 Coruncanium
877 2560 984 2627 optare

141 2787 342 2914 aDetteanttal'sile
361 2794 446 2848 scelus
464 2811 478 2846 a
496 2792 530 2849 1..
558 2792 692 2869 Flaminio
718 2795 820 2848 sactum
843 2794 877 2849 ob
903 2795 983 2857 volu·

205 2880 222 2929 p
264 2880 312 2913 em.
466 2880 469 2881 ’
1014 2888 1016 2892 ·

48 2914 57 2929 ³
139 2928 154 2980 d
171 2930 320 2987 Fabriciun

138 3016 153 3048 c
173 3001 281 3066 Pyrrus.
343 3049 345 3055 ,

90 3144 92 3149 γ
137 3062 309 3136 dEpieurus
327 3062 512 3134 philosophus.
