2359 3567
422 266 688 310 mmmm.
886 251 942 311 m

138 336 222 413 cari,
245 356 301 396 neo
317 332 555 417 frequentarisa
577 355 617 393 ex
638 352 699 412 quo
721 326 818 412 leges,
830 350 988 418 moresque

61 489 63 492 ⁸
137 420 310 495 constituti,
334 431 399 479 tum
419 418 492 480 iuris
512 438 608 499 aequa
629 414 788 498 descriptio
803 459 830 503 ,ι
847 429 988 500 certaque

138 503 256 564 risendi
288 503 473 586 disciplina,
506 524 591 583 quas·
617 522 688 576 res,
723 512 753 559 et
789 503 987 565 mansuetudo

135 588 302 649 animorum
322 599 542 664 consecuta,et
563 583 740 645 verecundia
760 596 821 659 est3
834 587 988 650 effectum·

95 679 103 694 ‘
135 694 218 753 que,
241 685 277 732 ut
297 685 373 732 esset
394 671 454 731 rita
477 669 643 747 munitior,
669 680 760 751 atque
795 680 830 727 ut
862 668 986 751 dando,

128 769 163 824 vet
183 756 385 839 accipiendo,
408 756 618 837 mutandisque
640 751 847 829 facultatibus,
863 767 893 815 et
907 778 988 817 com·

133 840 231 902 modis
251 840 336 901 nulla
366 864 399 901 re
433 859 597 921 egeremus.
629 838 792 920 Longiores
828 836 885 898 hoo
919 840 986 902 loco

133 946 262 1001 sumus,
285 947 374 1006 quam
397 947 514 985 necene
535 937 590 984 est.
619 922 694 999 Quis
727 922 807 982 enim
837 935 904 999 est,
937 928 987 988 eui

69 1025 71 1030 ⁴
132 1031 192 1069 non
214 1009 371 1091 perspicua
393 1010 453 1069 siut
473 1007 549 1083 illa,
572 1028 650 1089 quae
671 1006 807 1088 pluribus
834 1008 932 1069 verbis
968 1034 986 1071 a

130 1090 279 1153 Panaetio
300 1105 586 1167 commemorantur,
605 1091 752 1152 nemiuem
766 1112 864 1171 neque
879 1092 986 1156 ducem

131 1174 226 1250 betti,
249 1199 303 1237 nec
325 1178 488 1259 principem
509 1175 591 1235 domi
613 1196 732 1255 magnas
753 1197 822 1249 res,
844 1191 874 1237 et
907 1181 986 1241 salu·

131 1272 210 1320 tares
232 1260 296 1324 sine
317 1262 471 1322 hominum
493 1259 599 1322 studiis
620 1281 719 1340 gerere
732 1257 986 1342 potuisseiCom·

110 1358 314 1410 memoratur
334 1346 374 1407 ab
396 1368 432 1404 co
465 1342 746 1418 bThemisroctes,
780 1343 936 1421 Pericles,
967 1372 985 1411 c

131 1426 249 1511 Cyrus,
272 1429 295 1487 d
313 1430 489 1511 Agesilaus,
511 1450 529 1487 e
556 1424 753 1503 Alexander,
789 1447 865 1509 quos
897 1446 985 1514 negat

125 1513 191 1586 „siue
213 1514 395 1574 adiumentis
417 1512 572 1573 hominum
597 1525 693 1572 tantas
719 1534 764 1572 res
786 1512 900 1575 efficere
927 1539 983 1600 po·

132 1578 231 1674 tuisse.
258 1599 359 1659 Utitur
380 1599 411 1658 in
433 1619 465 1657 re
487 1618 548 1656 non
571 1595 663 1656 dubia
685 1596 807 1658 testibus
835 1622 895 1659 non
914 1671 916 1674 Ι
933 1624 984 1662 ue·

129 1683 269 1743 oessariis.
292 1683 393 1766 Atque
415 1693 448 1741 ut
469 1702 589 1763 magnas
612 1680 755 1741 utilitates
785 1680 984 1767 adipiscimur

127 1767 348 1850 conspiratione
385 1765 567 1841 hominum,
604 1778 695 1848 atque
733 1787 905 1847 cousensu;
941 1773 984 1832 sic

125 1849 210 1914 nulla
236 1864 297 1911 tam
319 1847 504 1910 detestabilis
525 1849 616 1931 pestis
636 1861 705 1922 est,
728 1871 806 1930 quae
821 1874 896 1915 ‚nou
929 1854 983 1914 ho·

128 1935 200 1996 mini
223 1934 263 2015 ab
286 1934 407 1996 homirie
429 1932 657 2007 nascaturalllst
692 1934 868 1994 Dicaearchi
905 1935 982 2000 liber

128 2018 165 2079 de
195 2019 319 2079 interitu
353 2018 534 2094 hominum,
571 2016 761 2101 Peripatetici
792 2020 917 2102 magni,
950 2035 981 2084 et

125 2103 256 2185 copiosi,
270 2101 336 2184 qui,
345 2101 477 2162 collectis
487 2099 520 2183 s
533 2101 641 2162 ceteris
662 2101 770 2161 caussis
782 2124 804 2183 g
816 2106 980 2184 clusionis,

125 2185 147 2245 lr
171 2188 381 2269 pestilentiae,
402 2186 424 2246 i·
443 2184 606 2262 rastitatis,
639 2184 658 2244 lr
692 2185 860 2249 belluarum
889 2190 981 2252 etiam

121 2273 303 2353 repentinae
326 2269 548 2345 multitudinis,
584 2290 711 2352 quarum
744 2271 857 2353 impetu
890 2273 979 2336 docet

123 2355 275 2437 quaedam
296 2354 451 2419 hominum
472 2373 580 2436 genera
602 2375 664 2413 esse
685 2370 851 2437 consumta3
867 2357 977 2437 deiude

118 2541 139 2576 a
158 2522 297 2577 Penates·

117 2581 136 2641 l
157 2590 368 2656 Themistocles,
386 2578 527 2655 Pericles,
543 2590 623 2642 duces
640 2587 824 2644 Athenienses.

115 2677 134 2711 c
152 2658 246 2722 Cyrus
264 2659 404 2710 Persarum
422 2667 599 2725 tyrannens-

111 2724 137 2779 d
155 2727 298 2792 Agesilaus
315 2723 585 2777 Lacedaemoniorum
603 2723 666 2776 dux.

111 2812 129 2845 s
148 2793 307 2845 Alexander
324 2792 572 2860 Macedonianum,
669 2811 674 2822 ¹

97 2862 133 2932 s
144 2860 255 2911 fatales
272 2878 356 2912 ossus.

149 2927 302 2979 Eluviones
321 2928 358 2978 ah
372 2926 562 2979 inundantibus
580 2927 660 2981 arvis.

101 2947 129 3051 ἱ
145 2994 325 3048 Pestilentiae
341 3012 356 3048 a
373 2996 447 3045 caelo
466 3002 601 3062 corrupto.

100 3065 118 3116 ι’
135 3060 293 3126 vastitates
309 3080 323 3113 a
340 3063 401 3129 fuga
418 3062 576 3114 incolarum.
650 3118 654 3125 ,
985 3123 988 3127 ¹
1017 3107 1020 3112 .

89 3131 119 3187 λ
140 3130 273 3198 inpetus
289 3127 475 3199 serpentium,
494 3129 676 3195 locustarum,
693 3123 886 3180 cuniculorum.

777 3192 844 3286 as
