2359 3567
248 111 304 190 164
442 128 524 178 mn.
545 128 640 179 ercan.
662 130 698 170 ne
720 130 811 172 orric.
1113 180 1119 189 ,

202 206 379 256 testamenta
401 188 578 268 nascuntdr3
603 195 673 255 binc
691 193 782 269 sur-ta,
798 193 976 277 peculatus,
992 221 1047 262 ex·

201 280 378 363 pitationes‚
408 277 653 360 direptionesque
684 280 853 357 sociorum,
884 279 915 341 e‘t
936 282 1047 345 civium

201 366 272 426 binc
293 387 384 447 opum
418 362 577 445 nimiarum
611 361 766 446 potentiae
794 386 854 424 non
878 363 1047 443 serendae,

200 462 349 531 postremo
372 462 436 511 tum
458 448 548 508 etiam
565 450 601 509 in
615 447 717 509 liberis
731 447 900 510 civitatibus
915 474 1048 534 *regnan-

199 533 229 594 di
251 537 398 596 exsistunt
430 531 637 613 cupiditates,
667 532 776 615 quihus
813 534 889 593 nibil
921 557 977 596 nee
1001 551 1046 597 te·

200 619 293 696 trine,
325 643 379 680 nee
411 615 527 679 loedius
558 618 720 699 excogitari
749 630 855 700 potest.
877 642 897 677 o
918 620 1044 681 Emolu-

191 717 333 765 mentum
356 703 437 765 enirn
459 725 558 764 rerum
586 701 747 764 'fallacibus
782 702 902 776 iudiciisv
922 705 1044 766 vident:

196 809 343 870 poenam,
366 810 426 849 non
449 787 515 848 dieo
538 786 659 868 legum,
693 809 767 867 quas
795 809 883 870 saepe
904 810 1044 870 perrum-

195 886 295 956 punt,
319 873 370 934 sed
391 874 482 955 ipsius
506 871 722 953 turpitudinis,
745 894 831 953 quae·
853 873 1045 935 acerbissima

193 954 240 1021 ¹est
263 981 322 1018 non
346 956 460 1017 vident.
482 958 693 1032 Quamobrem
710 957 768 1017 boc
783 956 905 1037 quidem
929 959 1045 1020 delibe-

196 1044 328 1103 rantium
352 1063 443 1124 genus
465 1038 598 1123 pellatur
619 1063 635 1100 e
659 1039 759 1101 medio
783 1045 802 1117 (
817 1055 868 1103 ,est
890 1044 970 1103 enim
995 1057 1042 1104 to·

196 1138 260 1187 tum
283 1126 482 1202 sceleratum,
516 1138 547 1186 et
573 1126 700 1205 impium
718 1129 738 1204 )
774 1126 828 1206 qui
850 1126 1044 1206 deliberant,

115 1288 118 1291 Δ
194 1222 295 1272 utrum
317 1212 348 1273 id
362 1222 543 1294 sequantur,
559 1208 642 1293 quod
657 1211 813 1269 honestum
828 1233 890 1272 esse
903 1211 1043 1291 videant,

158 1331 163 1339 =
189 1305 284 1367 'ense
307 1298 432 1358 seientes
454 1295 565 1356 scelere
589 1293 805 1356 contaminent.
823 1295 858 1355 In
873 1298 936 1379 ipsa
959 1297 1043 1359 enim

192 1380 380 1443 dubitatione
404 1381 518 1441 lacinus
539 1381 617 1441 inest
638 1378 752 1438 etiamsi
774 1379 812 1439 ad
835 1380 867 1439 id
889 1403 949 1441 non
966 1402 1041 1464 per·

193 1468 341 1529 venerint.
363 1466 441 1550 Ergo
463 1487 499 1527 ea
514 1461 708 1525 deliberanda
732 1465 854 1525 omnino
877 1487 937 1524 non
960 1480 1043 1544 sunt,

191 1548 222 1609 in
245 1551 354 1633 quibus
376 1563 421 1611 est
443 1550 535 1633 turpis
556 1551 618 1632 ipsa
631 1548 822 1617 deliberatio.
835 1551 937 1632 Atque
949 1552 1041 1612 etiam

190 1642 232 1695 'ex
265 1636 347 1695 omni
382 1635 598 1695 deliberatione
631 1632 771 1709 celandi,
802 1647 833 1695 et
866 1636 1042 1698 occultandi

192 1740 277 1801 spes,
314 1719 477 1802 opinioque
511 1718 691 1780 removenda
720 1731 773 1779 est.
804 1718 821 1779 b
854 1720 930 1780 Satis
958 1722 1042 1787 enirn

191 1802 300 1879 nobis,
324 1803 348 1863 si
371 1803 460 1865 modo
489 1803 521 1864 in
553 1802 743 1887 philosophia
770 1803 885 1886 aliquid
908 1806 1040 1888 proleci-

191 1908 279 1964 ωας,
303 1909 476 1970 persuasum
497 1911 560 1949 esse
581 1887 697 1962 debet,
721 1886 745 1946 si
768 1909 871 1948 omnes
892 1892 973 1950 Deos
986 1893 1042 1951 bo·
1088 1927 1093 1932 -

189 1973 348 2054 minesqne
372 1975 469 2034 celare·
497 1971 662 2056 possimus,
697 1971 774 2031 nibil
810 1985 909 2033 tamen
932 1996 1038 2052 erare,

190 2057 270 2116 nibil
295 2057 429 2133 iniuste,
453 2056 529 2119 nibil
553 2056 733 2131 libidinose,
756 2056 833 2115 nibil
848 2055 1038 2131 incontin'en·
1132 2121 1147 2136 ,

190 2150 234 2200 ter
256 2163 318 2201 esse
341 2140 523 2204 laciendum.
547 2141 625 2202 Hinc
646 2141 701 2201 ille
722 2139 821 2223 Gyges
844 2142 998 2206 inducitur
1020 2169 1039 2205 a

128 2248 129 2251 ¹
188 2223 336 2286 Platone:
360 2226 413 2309 qui
434 2247 528 2308 quum
551 2237 628 2286 terra
647 2226 825 2285 discessisset
839 2228 1039 2312 magnisqui-

187 2307 314 2369 busdam
337 2310 508 2386 imbribus,
544 2309 576 2370 in
610 2310 698 2381 illum
723 2308 838 2372 hiatum
861 2313 1036 2393 descendit,

111 2433 118 2439 -
174 2414 377 2476 ‘aeneumque
399 2416 532 2478 equum,
554 2408 589 2455 ut
611 2395 710 2457 serunt
741 2392 878 2474 sabe-lae,
901 2400 1036 2461 animad-

187 2478 301 2553 vertit,
325 2478 411 2539 euius
446 2477 477 2538 in
501 2480 645 2541 lateribus
678 2485 754 2544 sores
786 2496 902 2544 essent:
926 2485 1039 2566 quibus

186 2563 318 2649 apertis,
343 2563 453 2625 mortni
477 2561 550 2624 vidit
578 2587 687 2648 corpus
711 2560 918 2646 magnitudine
940 2570 1037 2633 inusi-

187 2659 271 2721 tata,
305 2648 491 2731 anulumque
528 2651 712 2711 aureum-in
742 2651 855 2732 digito:
892 2675 981 2735 quem
1004 2670 1038 2718 ut

185 2728 335 2806 detraxit,
359 2732 420 2815 ipse
445 2732 577 2812 induit(
594 2749 657 2795 erat
678 2747 779 2796 autem
797 2736 895 2817 regius
910 2745 1039 2820 pastor)

176 2822 203 2898 le
224 2845 381 2925 Turprtudo
398 2865 446 2916 per
464 2867 490 2901 sc
507 2850 635 2918 fugienda
653 2853 733 2905 etiam
751 2869 853 2912 summa
877 2855 1043 2923 impunitate

111 3063 116 3069 Ι
193 2922 489 3054 ‘ddiddl‘psild'oeptn
509 2992 535 3038 et
556 3002 661 3058 semper
678 2988 708 3041 in
725 2996 833 3059 pectore
850 2988 983 3060 gestanda.
