2359 3567
239 24 249 57 i

246 177 305 240 aaa.
432 185 464 222 n.
486 182 513 243 a,
536 181 630 222 ercan.
652 181 689 220 oa
710 180 805 224 orric.

200 246 370 322 malorum,
393 267 510 328 quaen
532 243 761 307 lacedemoniis
783 241 930 328 proiectae
951 267 1048 309 am«-

202 343 313 394 narunt
334 330 431 390 latius.
454 329 564 408 Quid?
586 329 707 391 Nostros
733 329 910 405 Gracchos,
933 329 1048 392 Tiberii
1081 404 1083 410 Α

203 415 334 477 Gracchi
368 416 476 475 summi
509 415 563 476 viri
596 416 698 491 filios,
736 413 868 475 Africani
901 428 1047 497 nepotes,

191 515 307 563 nonne
339 500 472 582 agrariae
506 499 715 569 contentiones
750 491 1048 582 perdideruntlffllt

160 631 162 636 .
203 606 274 645 rero
297 586 582 668 Aratus‘Sicyonius
604 577 669 646 iaie
690 583 855 660 landatur,
878 585 1051 666 quiquam

203 668 267 728 eius
288 667 392 729 civitas
413 670 628 753 quinquaginta
651 692 784 730 annosa
806 669 937 751 tyrannis
964 681 1048 729 tene·

204 765 310 829 retur,
333 755 483 836 proiectus
508 757 592 837 Argis
609 745 771 838 Siclyonem
794 753 979 814 clandestino
1001 752 1049 813 in·

205 839 297 898 troitu
318 839 405 899 'urbe
439 853 484 901 est
516 843 659 923 potitus;
700 861 856 921 quumque
892 851 1052 922 tyranuum

204 920 355 984 Nicoclem
368 925 527 1006 impreviso
538 925 746 1009 oppressisset,
758 934 908 984 sexcentos
918 923 1051 998 exsules,

203 1007 259 1090 qui
281 1006 476 1071 lucranteius
497 1011 623 1070 civitatis
639 1008 882 1092 locupletissimi,
905 1009 1050 1067 restituitt

205 1090 348 1172 remque
367 1093 518 1175 publicam
552 1095 683 1156 adventu
719 1114 788 1171 suo
811 1092 958 1152 liberavit.
994 1088 1053 1151 Sed

229 1198 299 1252 unm
323 1177 575 1241 animadverteret
597 1182 627 1241 in
651 1178 754 1255 bonis,
770 1191 801 1238 et
822 1176 1053 1260 possessionibus

206 1198 436 1340 llifficultatam,
458 1264 541 1346 quod
562 1279 593 1325 et
614 1264 846 1347 eos,quosipse
867 1262 1053 1335 restituerat,

206 1368 337 1429 quorum
359 1347 437 1408 bona
459 1350 511 1409 alii
542 1350 754 1433 possederant,
784 1369 874 1429 egere
904 1346 1055 1428 iniquissi-

206 1453 290 1491 mum
325 1431 552 1496 arbitrabaturr
592 1449 623 1496 et
660 1429 877 1518 qninquaginta
906 1452 1055 1492 annornm

207 1518 403 1598 possessiones
426 1541 546 1580 morere
568 1543 630 1581 non
653 1520 744 1583 nimis
758 1538 890 1601 aequum
911 1516 1054 1600 putabat:

205 1615 366 1684 propterea
388 1603 470 1685 qnod
493 1619 553 1666 tam
576 1605 665 1689 longo
688 1605 784 1690 spatio
806 1602 901 1663 multa
933 1599 1056 1662 beredi-

209 1687 344 1762 tatibus,
367 1688 461 1748 multa
482 1690 688 1766 emtionibus,
711 1691 806 1749 multa
827 1686 947 1747 dotibus
971 1699 1055 1746 tene-

207 1768 319 1831 bantur
340 1772 403 1832 sinc
425 1773 557 1850 iniuria,
580 1775 739 1851 indicarit,
756 1783 854 1856 ireque
868 1771 935 1830 illis‘
943 1769 1056 1847 adimi,

208 1877 308 1937 neque
332 1857 376 1917 bis
398 1880 459 1918 non
481 1861 643 1937 satisfieri,
671 1881 800 1940 qnorum
820 1857 886 1917 »itta
916 1854 1056 1931 lucrant,
1090 1889 1094 1897 ·

209 1953 357 2023 oportere.
381 1942 484 2019 Quum
504 1946 596 2026 igitur
622 1946 792 2021 statuisset,
814 1963 890 2025 opus
922 1962 985 2001 esse
1018 1938 1058 1999 ad

210 2047 278 2085 cam
301 2049 363 2088 rem
391 2030 629 2093 constituendam
659 2030 807 2112 pecunia,
838 2024 1058 2088 Alexandriam

208 2131 241 2170 se
263 2113 408 2194 proficisci
430 2108 508 2176 velle
540 2116 644 2190 dixit,
678 2136 803 2198 remque
836 2113 981 2196 integram
1019 2107 1058 2170 ad

208 2196 339 2258 reditum
372 2222 460 2260 suum
494 2201 579 2261 iussit
616 2223 688 2261 esse.
730 2201 826 2282 lsq'ue
848 2196 985 2257 celeriter
1019 2192 1059 2253 ad

210 2280 420 2356 Ptolemaeum
454 2307 542 2346 sunm
579 2286 727 2367 hospitem
756 2283 869 2356 venit,
904 2281 956 2362 qui
993 2293 1058 2340 tum

211 2366 354 2448 regnabat
376 2369 452 2430 alter
473 2383 541 2453 post
565 2371 777 2432 Alexandriam
798 2365 974 2429 conditam:
1010 2364 1059 2426 cni

210 2472 305 2535 quum
328 2456 535 2538 exposuisset,
568 2458 694 2540 patriam
727 2479 757 2515 se
793 2454 921 2517 liberare
954 2449 1058 2526 velle,

211 2558 408 2622 caussamque
430 2540 599 2619 docuisset,
622 2565 639 2603 a
662 2564 730 2624 rege
752 2537 958 2624 opulcnto'vir
974 2558 1059 2595 sum·

211 2644 279 2684 mus
302 2623 388 2687 lacile
410 2625 605 2710 impetrarit,
629 2641 662 2688 ut
682 2626 786 2708 grandi
820 2623 948 2707 pecunia
969 2619 1058 2680 adiu·
1107 2686 1108 2689 ,

213 2725 342 2773 raretur.
354 2713 453 2790 Quam
468 2734 562 2795 quum
572 2714 728 2795 Sycionem
744 2702 906 2789 attulissssl,
922 2705 1061 2768 adhibuit

213 2795 270 2856 sibi
302 2798 334 2857 in
370 2796 530 2881 consilium
563 2798 737 2880 quindecim
775 2795 952 2879 principes,
990 2813 1060 2852 curn

1026 2984 1052 3039 l'
1069 3010 1075 3021 ,.

153 3000 178 3162 Η
215 3078 233 3111 ι
250 3059 343 3112 Patare
360 3064 459 3130 latius,
477 3081 584 3120 nranarc
601 3064 683 3123 latiur
696 3110 706 3135 ,
720 3074 851 3123 venustus
870 3073 964 3141 sermo.
1022 3093 1029 3112 .
1040 3090 1049 3109 ο

12 3174 15 3267 ἴ

13 3282 15 3337 l
