2359 3567
358 178 360 185 ’
416 187 472 229 rm.
495 189 529 228 u.
550 190 612 229 err.
637 189 695 229 rvr.
882 183 935 246 141

49 262 53 271 ’
138 244 385 338 pelleutumut
404 254 548 334 pecunias
570 252 695 332 ereditas
707 249 890 315 debitoribus
911 275 984 313 con·

135 334 296 398 donandos
317 346 425 420 putant
440 360 450 413 3
473 337 494 398 ii
508 336 690 398 labefactant
701 337 896 399 fundamenta
908 338 983 420 reip.
1035 342 1044 356 ‘

137 421 330 483 concordiam
353 421 501 504 primum,
518 443 597 503 quae
618 443 680 481 erse
692 443 753 481 nou
764 433 876 506 potest,
890 443 984 503 quum

138 505 209 566 aliis
230 505 424 581 adimuntur,
446 506 513 567 aliis
533 528 553 566 a
574 505 784 575 condonantur
815 506 986 589 pecuniaeq

137 589 251 651 deinde
272 590 477 673 aequitatem,
500 612 577 673 quae
601 588 717 651 tollitur
737 592 860 666 omnir,
881 590 905 650 si
928 590 984 651 ha·

137 673 213 736 bere
234 697 321 736 suum
342 675 452 757 cuique
473 697 534 735 nou
555 668 706 741 tieetattd
740 671 820 736 enim
841 685 886 733 est
917 695 986 756 pro·

113 830 121 842 ι
138 761 263 842 prium,
287 772 322 822 ιιι
341 781 431 842 supra
452 759 534 839 dixi,
556 758 702 834 civitatis,
723 771 815 841 atque
836 758 935 839 urbis,
951 769 987 819 ut

115 844 181 911 ,sit
202 844 296 905 libera
311 854 329 920 ,'
343 856 375 904 et
404 865 465 905 uon
499 843 627 905 sollicita
659 864 729 904 suae
762 845 805 904 rei
839 842 986 924 cuiusque

139 927 287 990 custodia.
309 930 414 1011 Atque
435 929 466 988 iu
488 929 544 988 hac
561 928 694 1011 pernicie
708 929 824 1010 reipub.
840 949 880 987 ue
900 926 986 987 iliam

138 1013 265 1094 quidem
286 1026 532 1095 consequuntur,
563 1035 654 1096 quam
687 1025 817 1097 putant,
851 1010 986 1092 gratiam.

138 1095 218 1158 Nam
240 1098 289 1158 eui
310 1119 356 1158 rer
378 1110 480 1179 erepta
501 1111 567 1173 est,
589 1111 635 1157 est
654 1098 809 1173 iuimicus,
825 1096 874 1156 cni
896 1095 997 1172 data,

121 1182 231 1249 ,etiam
253 1181 419 1243 dissimulat
439 1204 471 1241 se
493 1182 629 1266 accipere
651 1182 795 1256 votuisse3
814 1192 845 1240 et
859 1180 987 1241 maxime
1076 1242 1093 1255 f

137 1265 172 1325 iu
194 1267 330 1349 pecuniis
350 1265 470 1327 creditis
491 1268 623 1327 occultat
647 1288 733 1327 suum
755 1263 896 1347 gaudium
916 1310 925 1341 ,
947 1286 987 1325 ue
1055 1288 1077 1349 's

138 1349 278 1413 videatur
297 1373 358 1411 nou
381 1351 470 1415 fuisse
492 1350 646 1413 solvendo.
669 1353 711 1411 Αι
733 1372 803 1410 vero
836 1348 911 1424 iiie,
933 1347 987 1430 qui

136 1437 249 1519 accipit
269 1436 432 1514 iniuriam,
455 1448 486 1496 et
507 1434 672 1511 meminit,
694 1448 724 1495 et
745 1434 908 1517 praesefert
933 1432 987 1495 do·
1086 1504 1089 1508 Δ

97 1579 100 1583 ,
137 1520 235 1581 iorem
258 1543 367 1584 suum:
391 1543 447 1582 uec
468 1522 492 1580 si
514 1521 617 1603 plures
638 1532 708 1580 suut
728 1519 775 1595 ii,
797 1519 906 1600 quibus
927 1517 985 1577 im·

136 1605 234 1689 probe
268 1606 372 1667 datum
405 1618 472 1681 est,
510 1627 601 1687 quam
635 1605 706 1679 iili,
739 1602 849 1687 quibus
877 1601 986 1662 iniuste

136 1689 293 1751 ademtum
315 1704 384 1768 est,
411 1690 523 1752 idcirco
559 1690 628 1773 pius
661 1690 750 1749 etiam
780 1689 890 1748 valent.
919 1686 986 1746 Nou

137 1775 220 1835 euim
250 1798 379 1837 numero
413 1776 487 1836 haec
520 1774 719 1855 iudicantur,
756 1770 807 1833 sed
840 1769 986 1856 pondere.

135 1860 238 1938 Quam
262 1873 363 1922 autem
383 1860 474 1921 habet
495 1863 695 1942 aequitatem,
712 1871 745 1919 ut
765 1879 869 1941 agrum
883 1855 986 1916 muitir

134 1943 251 2021 aunis,
273 1957 325 2006 aut
354 1945 444 2004 etiam
461 1963 463 1967 ’
478 1946 584 2005 seculis
618 1958 688 2004 aute
724 1964 910 2026 possessum,
933 1940 987 2022 qui

137 2029 259 2090 nullum
281 2029 401 2106 habuit,
414 2029 539 2105 babeat3
558 2029 610 2111 qui
622 2042 721 2088 autem
736 2027 841 2088 habuit
853 2025 986 2086 amittat?

137 2115 184 2176 Ac
216 2127 340 2198 propter
372 2115 431 2175 hoc
463 2113 606 2174 iniuriae·
625 2132 716 2195 genus
754 2110 987 2172 Lacedaemonii

136 2197 328 2281 Lysandrum
349 2199 506 2283 Ephorum
529 2198 735 2281 expuleruut;
760 2197 836 2277 Agin
860 2216 985 2277 regem,

137 2284 400 2366 quodnuuquam
424 2295 512 2344 autea
533 2284 613 2367 apud
635 2306 686 2343 eos
707 2279 877 2356 acciderat,
900 2302 986 2339 neca·

12 2440 16 2447 .
138 2381 256 2453 verunt.
281 2370 298 2429 b
319 2368 487 2450 Exeoque
517 2381 651 2452 tempore
688 2380 787 2427 tautae
820 2363 987 2436 discordiae

61 2451 71 2467 ¹
125 2460 259 2514 ‚secutae
274 2453 359 2530 suut,
373 2466 449 2515 utet
461 2454 579 2537 tyranni
593 2455 768 2528 existerent,
786 2462 816 2509 et
827 2449 986 2532 optimates

138 2542 427 2614 exterminarentur,
448 2552 478 2601 et
490 2538 723 2621 praeclarissime
736 2535 895 2597 constituta
908 2554 986 2613 resp.

138 2622 334 2686 dilaberetur.
358 2623 419 2685 Neo
450 2646 519 2686 vero
555 2625 652 2683 solum
686 2621 747 2704 ipsa
780 2615 986 2692 cecidit„sed

138 2708 232 2770 etiam
257 2710 406 2792 reliquam
435 2708 595 2770 Graeciam
622 2708 729 2770 evertit
760 2700 986 2785 contagionibus

138 3012 158 3046 a
175 2972 388 3059 iloudonautur,
408 2994 586 3046 remittuntur.

138 3062 315 3123 &Catamitus
333 3080 367 3117 ex
383 3063 489 3121 iniustis
505 3060 697 3133 largitionum.
