2359 3567
252 163 311 204 220
496 165 529 206 u.
549 164 577 205 τ.
601 162 758 205 ciccaours.
994 212 997 215 Ἴ

207 247 273 368 pro
288 225 343 286 illo
363 237 543 304 necaretur,
565 224 684 288 Orestes
705 240 828 303 autem,
850 230 892 303 ita
913 238 948 289 at
968 240 1048 306 erat,

145 386 148 393 Ι
239 324 345 371 restem
367 331 397 369 se
417 332 481 372 esse
502 313 732 395 perseveraret?
768 312 888 385 Stantes
919 314 1049 395 plaude·

208 391 284 454 bant
304 396 336 456 in
357 416 389 453 re
410 394 488 456 licta.
509 395 591 472 Quid
613 395 791 455 arbitramur
810 396 842 456 in
865 418 936 457 vera
959 397 1052 473 luisse

206 474 358 561 ficturos?
371 477 471 538 Facile
493 478 643 539 indicabat
664 480 728 562 ipsa
742 484 847 540 natura
869 480 928 540 vim
942 484 1050 559 stiam,

207 581 302 641 quum
324 562 481 638 homines,
504 552 591 645 quod
609 562 703 624 lacere
724 563 780 644 ipsi
815 586 875 623 non
904 577 1050 646 possent,

206 642 238 704 id
262 660 340 707 recte
362 646 426 709 fieri
448 647 479 706 in
500 646 595 707 altero
616 646 790 709 iudicarent.
808 647 960 708 Hactenus
975 648 1051 708 mihi

135 768 137 779 ι
206 726 335 806 videor,
357 729 395 790 de
417 730 546 791 amicitia
568 730 641 813 quid
663 732 825 803 sentirem,
847 718 985 812 potatae*
998 730 1048 790 di-

206 833 297 889 cere,
322 815 346 873 si
368 836 427 896 qua
449 828 604 895 praetcrea
626 829 694 876 suut
716 814 827 891 (credo
849 827 948 874 autem
984 837 1051 874 esse

205 897 326 974 multa)
350 898 388 959 ab
409 898 466 973 iis,
490 899 513 958 si
534 897 704 975 videbitur,
727 900 779 979 qui
801 899 857 957 ista
877 896 1051 980 disputant,

207 981 384 1061 quaeritote.
407 981 594 1042 FANNIVS.
616 982 675 1042 Nos
696 996 795 1042 autem
817 1005 834 1041 a
858 994 887 1040 tc
924 982 1050 1064 potius:

111 1110 116 1119 .
207 1085 391 1146 quamquam
411 1065 502 1125 etiam
524 1066 646 1126 abistis
668 1087 755 1148 saepe
777 1064 925 1148 quaesivi,
940 1077 970 1123 et
993 1076 1050 1123 au·'

207 1146 267 1208 divi
291 1171 350 1209 non
372 1149 481 1210 inritus
510 1149 672 1231 equidem,
706 1150 756 1209 sed
781 1148 864 1208 aliud
897 1147 1054 1292 puoddam

135 1248 137 1251 ·
209 1234 376 1314 expetimus
396 1256 416 1292 a
437 1233 521 1294 filum
543 1234 684 1294 orationis
707 1248 785 1294 tuae.
822 1231 896 1293 SCA
925 1231 1054 1294 VOLA.
1151 1235 1156 1243 ’

208 1315 259 1376 Tu
282 1320 373 1400 magis
394 1316 425 1376 id
448 1317 579 1393 dicere,
594 1317 712 1395 Fanni,
735 1317 759 1377 si
781 1335 882 1398 nuper
896 1311 928 1375 in
956 1311 1054 1374 hortis

209 1399 380 1483 Scipionis,
405 1422 497 1482 quum
531 1414 576 1462 est
597 1401 635 1461 de
671 1422 734 1483 rep.
767 1402 975 1483 disputatum,
1009 1398 1056 1457 al·
1113 1438 1115 1442 -

210 1482 336 1546 fuisses:
359 1485 457 1567 qualis
480 1498 542 1544 tum
564 1497 706 1568 patronus
719 1486 847 1545 iustitiae
861 1484 926 1544 ‚suit
946 1494 1056 1543 contra

207 1583 376 1630 accuratam
398 1570 562 1629 orationem
592 1569 696 1631 Phili!
731 1567 916 1630 FANMVS.
950 1565 1055 1626 Facile

208 1651 241 1710 id
264 1654 385 1735 quidem
408 1653 487 1726 suit,
509 1652 653 1712 iustitiam
675 1653 832 1712 iustissimo
846 1651 916 1710 'viro
943 1649 1053 1710 deien-

208 1735 291 1798 dere.
314 1735 539 1798 SCAEVOLA.
560 1737 642 1815 Quid
665 1735 850 1798 amicitiam?
873 1734 978 1796 Nonne
1006 1733 1054 1793 la·

201 1819 268 1880 'cile
289 1822 317 1880 ci
339 1822 418 1896 erit,
441 1822 494 1901 qui
515 1820 554 1880 ob
575 1843 641 1881 eam
663 1842 777 1881 summa
799 1820 878 1893 lide,
908 1831 1053 1885 constan,-

167 1944 179 1954 κ
209 1906 279 1979 tia,
315 1905 487 1986 iustitiaque
522 1918 693 1979 serratam,
726 1905 884 1965 maximam
919 1903 1056 1984 coeperit

209 1989 361 2070 gloriam?
385 1987 572 2051 LAELIVS.
596 1989 664 2051 tim
687 1992 744 2051 hoc
777 1987 898 2069 quidem
932 2000 976 2046 est
1009 1985 1056 2045 as·

209 2074 297 2133 ferre.
320 2073 402 2151 Quid
424 2073 503 2133 enim
528 2073 640 2149 refert,
665 2094 725 2152 qua
748 2095 794 2131 me
823 2073 977 2152 rogatione
999 2093 1053 2130 co·
1093 2136 1096 2141 ,

210 2157 314 2240 gatis?
337 2157 448 2239 Cogitis
469 2169 548 2217 certe
564 2180 573 2216 ε
602 2155 706 2218 studiis
720 2224 726 2235 ι
741 2156 820 2215 enim
853 2176 1055 2236 generorum,

209 2241 383 2325 pracsertim
405 2242 435 2301 in
457 2264 491 2302 re
514 2243 613 2316 bona,
641 2262 709 2301 cum
742 2239 870 2300 difficile.
894 2253 964 2315 est,
989 2252 1055 2300 tum

210 2346 250 2385 ne
272 2342 402 2406 acquum
424 2324 722 2406 quidemobsistere.
756 2323 932 2405 Saepissime
961 2322 1056 2403 igitur

211 2410 286 2471 milri
308 2409 346 2469 de
368 2409 498 2470 amicitia
519 2410 683 2491 cogitanti,
706 2407 833 2468 maxime
854 2408 941 2466 illum
978 2428 1055 2466 con·

211 2493 401 2554 siderandum
418 2490 517 2554 'videri
539 2494 637 2569 solet,
660 2513 732 2551 num
751 2504 888 2574 ,propter
919 2489 1055 2550 imbecil-

211 2577 349 2654 litatem,
371 2592 461 2658 atque
483 2578 615 2660 inopiam
636 2574 801 2636 desiderata
829 2575 867 2651 sit
898 2573 1029 2633 amicitia
1043 2597 1068 2649 3,

212 2675 247 2722 ut
268 2657 395 2739 dandis,
417 2662 655 2744 recipiundisque
678 2660 805 2738 meritis,
821 2657 903 2740 quod
925 2657 1056 2739 quisque

212 2746 310 2806 minus
332 2767 436 2828 perse
457 2746 520 2828 ipse
541 2757 664 2828 posset,
687 2743 717 2803 id
739 2744 889 2825 acciperet
910 2741 950 2799 ab
972 2741 1054 2820 alio,

211 2830 399 2911 vicissimque
421 2830 580 2891 redderet:
604 2852 642 2888 an
665 2840 742 2887 esset
763 2828 820 2887 hoc
836 2824 958 2909 quidem
981 2848 1054 2900 pro·

180 2920 187 2929 '
211 2909 311 2996 prium
332 2914 500 2992 amicitiae,
524 2915 575 2974 sed
599 2913 616 2972 b
637 2908 865 2993 antitiuior,=et
897 2909 1055 2991 pulcrior,

213 3032 231 3067 a
247 3015 337 3071 auum
355 3006 490 3072 orationis.
560 3017 577 3071 l
593 3015 757 3084 Antiquior,
774 3014 844 3067 idest
860 3013 986 3067 nobilior.

574 3164 585 3195 Ι
