2359 3567
386 115 588 188 umam-&v
607 129 647 173 ιι
666 129 746 173 mc.
887 124 946 189 ²4¹

148 197 257 283 (qnod
279 219 422 281 persaepe
444 197 504 273 litt
529 194 675 279 impediat
696 197 817 277 ma'gnas
843 194 993 257 utilitates

147 285 327 349 amicorum.
350 279 411 342 Nec
433 281 513 340 enim
525 276 547 352 ,⁴
571 289 606 340 ut
633 276 672 338 ad
701 276 819 338 fabulas
846 276 993 356 redeam,

144 385 167 426 u
190 355 313 446 Troiam
334 363 549 445 Neoptolemus
581 382 690 445 capere
718 360 887 443 potuisset,
921 363 945 422 si
975 363 995 423 ὅ

146 440 376 532 Lycomedem,
398 445 596 529 apud-quem
617 457 683 505 erat
704 443 867 520 educatus,
890 445 994 506 multis

100 556 115 581 -’
146 555 217 593 cum
240 530 378 612 lacrymis
399 532 457 590 iter
477 550 564 589 suum
578 527 794 612 impedientem
809 526 926 589 audire
938 550 992 590 vo·

45 666 50 673 .
147 614 265 677 luisset.
286 614 326 674 Et
346 622 437 697 saepe
456 611 595 674 incidunt
617 628 742 693 maguae
769 633 840 688 aes,
877 625 912 672 ut
944 612 992 674 di-

102 766 107 774 ,
147 697 338 764 scedendum
356 697 394 757 sit
416 694 613 757 ah‘amicisz
648 709 722 837 quas
754 695 809 778 qni
844 697 993 779 impedire

148 784 236 857 v'ult3
260 779 340 863 quod
360 779 547 841 desiderium
570 801 632 839 non
665 777 742 839 acile
770 779 873 856 serat,
908 781 935 840 is
962 793 994 841 et

148 865 287 929 infirmus
307 876 370 940 est,
385 863 547 945 mollisque
569 873 693 935 natura,
709 863 794 924 eloh
808 884 875 924 eam
898 863 993 947 ipsam

147 968 283 1007 caussam
315 947 347 1008 iu
373 946 508 1007 amicitia
529 966 636 1029 parum
657 945 755 1029 justus
776 969 804 1009 c.
827 947 929 1029 Atque
959 948 993 1008 iu

76 1080 81 1083 .
147 1031 231 1115 omni
253 1052 285 1090 re
306 1029 555 1091 considerandum
582 1041 628 1089 est
638 1074 653 1109 ¹,
686 1041 718 1088 et
751 1029 826 1113 qnid
860 1031 993 1113 postules

147 1113 188 1174 ab
208 1113 330 1189 auu‘uo,
364 1113 492 1195 etquid
514 1112 630 1196 patiare
652 1135 670 1173 a
694 1124 724 1173 te
746 1114 910 1197 impetrari.
940 1114 993 1174 Est

147 1197 240 1258 etiam
262 1201 349 1278 qnasi
366 1196 519 1278 quaedam
538 1196 695 1256 calamitas
723 1195 756 1256 in
787 1197 929 1258 amicitiis
949 1198 994 1258 di-

148 1278 306 1343 mittendis
327 1301 556 1361 nonnumquam
578 1280 756 1342 ueeessarin.
777 1279 845 1340 Jam
866 1281 946 1340 enim
975 1278 1005 1342 ax

99 1430 101 1433 ¹
147 1362 319 1453 sapientum
340 1354 594 1425 familiaritatibus
622 1361 661 1422 ad
692 1363 826 1446 vulgares
846 1363 994 1426 amicitias

149 1440 246 1505 citatio
273 1460 374 1507 nostra
402 1444 574 1507 delabitncae
592 1445 768 1528 Erumpunt
799 1468 889 1530 saepe
922 1448 993 1508 vitia
1038 1448 1041 1451 ’

143 1528 314 1589 amicorum
334 1524 408 1590 cum
427 1531 460 1590 iu
483 1528 561 1613 ipsos
585 1530 700 1593 amicos
714 1575 724 1604 ,
761 1542 823 1590 tum
853 1531 885 1590 in
914 1529 993 1591 alie·

148 1632 226 1687 nos3
251 1634 381 1693 quorum
403 1625 504 1675 tamen
526 1613 565 1672 ad
587 1613 699 1672 amicos
734 1613 885 1675 redundet
916 1615 994 1676 inia-

149 1692 221 1759 mia.
244 1694 336 1757 Tales
356 1696 450 1778 igitur
471 1696 620 1757 amicitiae
643 1709 714 1756 sunt
733 1698 908 1758 remissione
923 1720 994 1761 usus

148 1779 315 1852 eluendae,
338 1792 368 1840 et
379 1826 392 1859 ,
404 1776 449 1839 ‘ut
469 1778 616 1839 Catonem
637 1778 739 1840 dicere
760 1781 882 1855 audivi,
896 1781 992 1842 ddis-

145 1861 280 1926 suendae
302 1863 418 1944 magis,
441 1882 531 1944 quam
553 1862 787 1925 discindendae:
818 1866 875 1926 nisi
898 1868 992 1947 quae·

149 1944 222 2004 dam
243 1946 406 2006 admodum
427 1944 626 2006 intolerabilis
646 1947 941 2025 iniuria-exarserit,
960 1962 995 2011 ut
1045 2002 1051 2011 .

150 2046 252 2108 neque
272 2041 408 2105 rectum,
430 2050 529 2112 neque
551 2030 711 2090 honestum
734 2033 789 2105 sit,
807 2054 906 2114 neque
928 2033 993 2094 lieni

150 2111 268 2251 possit,
299 2124 418 2173 utnon
442 2114 541 2175 statim
568 2111 734 2189 alienatio,
768 2113 994 2199 disiunctioque

162 2193 291 2254 scienda
312 2198 360 2256 sit.
381 2195 434 2256 Sin
455 2210 557 2257 autem
578 2209 632 2277 aut
654 2218 789 2274 morum,
802 2213 856 2260 aut
877 2200 992 2262 studio·

149 2297 219 2337 rum
239 2278 433 2340 commutatio
454 2281 629 2360 quaedam,
652 2293 686 2340 ut
707 2281 770 2342 lieri
792 2283 893 2360 solet,
915 2284 994 2363 facta

151 2363 233 2435 erit,
260 2375 314 2422 ant
336 2364 367 2422 in
388 2364 508 2462 reipub.
528 2363 663 2447 partibus
684 2364 827 2445 dissensio
849 2368 993 2431 interces-

149 2442 223 2503 serit
247 2446 375 2526 (loquo'r
395 2467 478 2507 enlm
499 2444 582 2529 jam,
612 2461 646 2508 ut
679 2449 782 2530 paullo
811 2463 881 2510 ante
902 2448 993 2526 dixi,

150 2540 213 2585 non
235 2525 276 2587 de
296 2530 492 2611 sapientum,
521 2531 573 2592 sed
596 2530 634 2591 de
656 2530 865 2595 communibus
887 2535 993 2596 amici·
1071 2564 1072 2567 ¹

149 2609 220 2687 tiis)
252 2612 418 2693 cavendum
445 2615 528 2692 erit,
559 2636 599 2676 ne
628 2637 689 2676 non
718 2616 817 2679 solum
843 2620 994 2685 amicitiae

150 2790 169 2823 a
184 2771 384 2842 Neoptolemus.

151 2839 167 2888 b
184 2839 357 2907 Lycomedes.

152 2923 166 2954 c
184 2906 419 2960 Considerandum
436 2916 491 2978 est,
511 2910 585 2981 qnid
594 2880 630 2969 ‘ab
648 2914 740 2966 amicis
757 2920 878 2984 petatur.¹
969 2922 971 2925 '

143 2971 172 3023 ,d
186 2973 352 3030 Dissnendae
369 2977 470 3050 magis,
489 2997 570 3050 quatu
587 2981 777 3040 discindeudae
795 2981 935 3034 amicitiae.

882 3049 943 3139 L..
