2359 3567
214 312 221 321 ,
382 268 522 322 nunnus,
544 267 594 308 ser
619 267 656 308 nn
676 267 759 309 anre.
888 247 948 306 225

148 335 334 399 incidissent.
349 355 369 394 a
390 336 507 395 Pestem
530 333 613 394 enim
627 334 768 392 maiorem
791 348 853 388 esse
875 330 993 391 nullam

60 444 63 453 ’
147 423 184 484 in
201 419 365 493 amicitiis,
387 439 477 500 quam
499 418 531 477 in
551 416 705 498 plerisque
726 414 870 498 pecuniae
904 414 992 496 cupi·

148 505 297 579 ditatem3
320 497 350 562 in
372 502 493 586 optimis
514 500 684 582 quibusque
699 499 820 560 honoris
842 510 993 579 certamen

149 603 181 649 et
202 588 335 668 gloriae:
359 607 398 645 ex
427 608 487 667 quo
522 584 692 648 inimicitias
727 582 870 643 maximas
904 604 993 665 saepe

143 667 230 733 'inter
251 670 438 731 amicissimos
460 668 617 731 exstitisse.
640 667 746 748 lllagna
768 667 846 728 enim
869 665 993 729 dissidia

150 770 181 816 et
217 754 394 836 plerumque
427 754 505 813 iusta
532 753 636 828 nasci,
671 752 764 833 quum
802 749 918 831 aliquid
953 751 993 832 ab

151 839 276 911 amieis,
299 837 381 920 quod
401 849 513 897 rectum
542 858 603 896 non
638 848 737 911 esset,
767 836 993 917 postularetur,

152 935 187 983 ut
207 935 260 982 aut
280 920 413 981 libidinis
435 920 581 991 ministri,
603 932 656 978 ant
670 918 821 981 adiutores
842 933 939 980 essent
953 920 993 981 ad

147 1007 302 1067 iniuriam.
324 1003 412 1083 Quod
434 1003 486 1085 qui
508 1017 700 1075 recusarent,
715 1004 849 1085 quamvis
871 1005 994 1066 honeste

48 1150 56 1163 ,
151 1090 183 1150 id
206 1089 358 1164 lacerent,
381 1088 426 1147 ius
448 1101 548 1148 tamen
568 1086 716 1148 amicitiae
730 1087 865 1148 deserere
886 1110 993 1169 argue-

151 1190 258 1235 rentur
290 1173 329 1233 ab
361 1170 419 1246 iis,
453 1172 573 1252 quibus,
594 1171 719 1252 obsequi
752 1172 888 1233 nollent:
925 1172 994 1233 illos

152 1270 279 1331 autem,
302 1258 354 1338 qui
383 1254 502 1337 quidvis
523 1255 562 1314 ab
597 1255 692 1315 amieo
721 1255 867 1315 auderent
893 1246 995 1339 postir-

152 1341 241 1416 lare,
265 1341 464 1422 postulatione
486 1339 549 1420 ipsa
571 1338 704 1419 profiteri
725 1340 825 1399 omnia
847 1362 877 1398 se
906 1341 995 1401 amici

152 1446 255 1485 caussa
275 1446 336 1484 esse
357 1425 495 1484 lemures.
518 1422 630 1482 Eorum
664 1424 788 1503 querela
820 1422 996 1485 inveteratas

153 1531 214 1569 non
247 1502 335 1568 modo
363 1506 576 1569 familiaritates
609 1507 758 1588 exstingui
790 1507 910 1581 solere,
943 1510 996 1570 sed

153 1594 245 1653 etiam
277 1591 345 1651 odia
372 1591 450 1673 gigni
485 1589 674 1672 sempiterna.
710 1591 794 1652 Haec
826 1592 866 1653 ita
899 1594 996 1654 multa

152 1677 238 1758 quasi
260 1676 321 1743 lata
344 1674 517 1758 impendere
538 1674 703 1746 amicitiis,
726 1690 759 1736 ut
787 1676 888 1737 omnia
920 1679 994 1737 sub·
1029 1692 1035 1697 '

154 1759 300 1841 terlugere
323 1781 382 1819 non
405 1756 495 1818 modo
521 1758 711 1840 sapientiae,
734 1759 897 1822 sedetiam
921 1762 994 1828 'leli-

145 1843 254 1906 eitatis
275 1844 391 1905 diceret
411 1841 466 1902 sibi
488 1842 595 1903 rideri,
617 1842 635 1901 b
655 1843 857 1918 Qrmmobrem
878 1846 909 1905 id
931 1848 995 1927 pri.

113 1965 119 1977 »
155 1949 238 1989 mum
262 1926 485 2004 rideamus,4si
513 1925 638 2008 placet,
670 1940 817 2008 qnatenus
848 1952 933 1993 amor
964 1933 998 1991 in

155 2011 289 2083 amicitia
310 2010 448 2092 progredi
470 2008 587 2070 debeat.
609 2009 687 2070 Num
722 2013 747 2071 si
775 2035 792 2074 c
821 2012 1002 2078 Coriolanus·

156 2094 264 2154 babuit
285 2095 413 2168 amicos,
436 2093 514 2154 serre
535 2107 640 2154 eontra
669 2097 794 2175 patriam
829 2120 909 2159 arma
948 2097 997 2159 illi

155 2199 225 2237 eum
248 2177 409 2239 Coriolano
427 2178 585 2238 debuere?
602 2177 680 2238 Num
701 2179 887 2243 Viscelinum
908 2183 998 2244 amici

129 2284 283 2345 „regnum
303 2276 517 2345 appetentem,
539 2283 612 2322 num
638 2261 695 2345 sp.
725 2264 865 2326 Maelium
894 2268 1003 2327 iuvare

116 2370 123 2386 ⁸
157 2345 351 2407 debuerunt?
374 2345 531 2407 Tiberium
554 2345 676 2428 quidem
696 2347 845 2411 Graccum
859 2350 997 2433 rempub.

158 2442 315 2489 vexantem
338 2452 356 2489 a
377 2432 415 2508 Q.
437 2430 620 2506 Tuberone,
641 2433 878 2517 aequalibusque
892 2435 999 2497 amicis

157 2510 332 2573 derelictum
355 2514 539 2576 videbamus.
563 2516 604 2575 At
625 2512 661 2573 C.
684 2515 800 2581 Blosius
821 2519 998 2596 Cumanus,

157 2595 265 2678 hospes
288 2597 432 2667 familiae¹
443 2611 578 2672 restrae,
600 2599 755 2675 Scaevola,
769 2624 861 2684 quum
878 2602 916 2662 ad
931 2625 997 2681 me,

54 2714 61 2721 ,
156 2682 211 2763 qui
233 2679 379 2760 aderam,
399 2682 533 2759 Lenati,
554 2695 586 2742 et
608 2682 732 2765 Rupilio
763 2686 944 2765 oonsulibus
964 2688 998 2748 in

155 2930 173 2965 a
190 2911 272 3031 llplla
289 2911 373 2965 maior
389 2913 468 2982 pestis
486 2914 514 2965 in
531 2913 650 2967 amicitia
665 2954 673 2981 ,
689 2935 772 2986 quam
794 2918 922 2986 pecuniae
946 2933 997 2969 ou·

130 3103 132 3106 Α
156 3047 171 3098 l
208 2988 331 3099 'uirilibus
349 3049 468 3115 amorio
486 3049 610 3101 amioitiis
627 3051 751 3117 progredi
768 3052 871 3105 debeat.

154 3132 173 3167 e
188 3115 348 3171 Coriolanus
365 3132 439 3169 arma
455 3125 547 3170 eontra
563 3119 678 3188 patriam
695 3134 811 3181 movens.

801 3187 872 3248 ΚΒ
