<?xml version="1.0" encoding="UTF-8"?>
<!DOCTYPE html PUBLIC "-//W3C//DTD XHTML 1.0 Transitional//EN"
    "http://www.w3.org/TR/xhtml1/DTD/xhtml1-transitional.dtd">
<html xmlns="http://www.w3.org/1999/xhtml" xml:lang="en" lang="en">
 <head>
  <title>
</title>
<meta http-equiv="Content-Type" content="text/html;charset=utf-8" />
  <meta name='ocr-system' content='tesseract 3.04.00' />
  <meta name='ocr-capabilities' content='ocr_page ocr_carea ocr_par ocr_line ocrx_word'/>
</head>
<body>
  <div class='ocr_page' id='page_1' title='image "./mtulliiciceroni114cicegoog/mtulliiciceroni114cicegoog_0273.png"; bbox 0 0 2359 3567; ppageno 0'>
   <div class='ocr_carea' id='block_1_1' title="bbox 55 88 975 686">
    <p class='ocr_par' dir='ltr' id='par_1_1' title="bbox 55 88 975 686">
     <span class='ocr_line' id='line_1_1' title="bbox 317 88 921 182; baseline -0.01 -24"><span class='ocrx_word' id='word_1_1' title='bbox 317 96 360 182; x_wconf 42' lang='lat'>“⁷</span> <span class='ocrx_word' id='word_1_2' title='bbox 373 116 422 158; x_wconf 81' lang='lat' dir='ltr'>ser</span> <span class='ocrx_word' id='word_1_3' title='bbox 443 115 482 158; x_wconf 83' lang='lat' dir='ltr'>nr</span> <span class='ocrx_word' id='word_1_4' title='bbox 503 109 673 157; x_wconf 71' lang='lat' dir='ltr'>sennenn.</span> <span class='ocrx_word' id='word_1_5' title='bbox 859 88 921 172; x_wconf 76' lang='lat'>²9⁵</span> 
     </span>
     <span class='ocr_line' id='line_1_2' title="bbox 116 174 965 266; baseline -0.014 -21"><span class='ocrx_word' id='word_1_6' title='bbox 116 205 186 245; x_wconf 83' lang='lat' dir='ltr'>esse</span> <span class='ocrx_word' id='word_1_7' title='bbox 205 179 414 266; x_wconf 72' lang='lat' dir='ltr'>insipientem,</span> <span class='ocrx_word' id='word_1_8' title='bbox 443 178 495 262; x_wconf 90' lang='lat' dir='ltr'>qui</span> <span class='ocrx_word' id='word_1_9' title='bbox 517 198 554 240; x_wconf 85' lang='lat' dir='ltr'>ex</span> <span class='ocrx_word' id='word_1_10' title='bbox 572 174 727 259; x_wconf 70' lang='lat' dir='ltr'>insipienti</span> <span class='ocrx_word' id='word_1_11' title='bbox 749 194 873 258; x_wconf 86' lang='lat' dir='ltr'>corpore</span> <span class='ocrx_word' id='word_1_12' title='bbox 894 193 965 233; x_wconf 79' lang='lat' dir='ltr'>eva·</span> 
     </span>
     <span class='ocr_line' id='line_1_3' title="bbox 116 256 975 349; baseline -0.016 -21"><span class='ocrx_word' id='word_1_13' title='bbox 116 268 229 343; x_wconf 68' lang='lat' dir='ltr'>sisset,</span> <span class='ocrx_word' id='word_1_14' title='bbox 252 265 327 341; x_wconf 90' lang='lat' dir='ltr'>sed,</span> <span class='ocrx_word' id='word_1_15' title='bbox 349 286 443 349; x_wconf 88' lang='lat' dir='ltr'>quum</span> <span class='ocrx_word' id='word_1_16' title='bbox 472 264 554 330; x_wconf 90' lang='lat' dir='ltr'>omni</span> <span class='ocrx_word' id='word_1_17' title='bbox 575 258 751 322; x_wconf 75' lang='lat' dir='ltr'>admistione</span> <span class='ocrx_word' id='word_1_18' title='bbox 772 256 903 342; x_wconf 84' lang='lat' dir='ltr'>eorporis</span> <span class='ocrx_word' id='word_1_19' title='bbox 925 256 975 317; x_wconf 84' lang='lat' dir='ltr'>ti·.</span> 
     </span>
     <span class='ocr_line' id='line_1_4' title="bbox 94 344 973 433; baseline -0.016 -18"><span class='ocrx_word' id='word_1_20' title='bbox 94 410 101 415; x_wconf 84' lang='lat'>.</span> <span class='ocrx_word' id='word_1_21' title='bbox 117 351 265 426; x_wconf 77' lang='lat' dir='ltr'>iteratus,</span> <span class='ocrx_word' id='word_1_22' title='bbox 287 372 380 433; x_wconf 87' lang='lat' dir='ltr'>purus</span> <span class='ocrx_word' id='word_1_23' title='bbox 393 360 423 409; x_wconf 92' lang='lat' dir='ltr'>et</span> <span class='ocrx_word' id='word_1_24' title='bbox 435 348 550 431; x_wconf 78' lang='lat' dir='ltr'>integer</span> <span class='ocrx_word' id='word_1_25' title='bbox 565 367 629 407; x_wconf 83' lang='lat' dir='ltr'>esse</span> <span class='ocrx_word' id='word_1_26' title='bbox 644 344 806 429; x_wconf 82' lang='lat' dir='ltr'>coepisset,</span> <span class='ocrx_word' id='word_1_27' title='bbox 817 354 893 404; x_wconf 72' lang='lat' dir='ltr'>tum</span> <span class='ocrx_word' id='word_1_28' title='bbox 915 361 973 402; x_wconf 81' lang='lat' dir='ltr'>es··</span> 
     </span>
     <span class='ocr_line' id='line_1_5' title="bbox 116 426 971 519; baseline -0.015 -23"><span class='ocrx_word' id='word_1_29' title='bbox 116 432 152 496; x_wconf 81' lang='lat' dir='ltr'>ae</span> <span class='ocrx_word' id='word_1_30' title='bbox 175 436 349 519; x_wconf 80' lang='lat' dir='ltr'>sapientem.</span> <span class='ocrx_word' id='word_1_31' title='bbox 384 435 486 514; x_wconf 71' lang='lat' dir='ltr'>Atque</span> <span class='ocrx_word' id='word_1_32' title='bbox 507 434 621 507; x_wconf 84' lang='lat' dir='ltr'>etiam,</span> <span class='ocrx_word' id='word_1_33' title='bbox 644 451 739 514; x_wconf 85' lang='lat' dir='ltr'>quum</span> <span class='ocrx_word' id='word_1_34' title='bbox 761 426 971 488; x_wconf 70' lang='lat' dir='ltr'>summissa..</span> 
     </span>
     <span class='ocr_line' id='line_1_6' title="bbox 119 515 966 592; baseline -0.013 -11"><span class='ocrx_word' id='word_1_35' title='bbox 119 530 198 581; x_wconf 82' lang='lat' dir='ltr'>tura</span> <span class='ocrx_word' id='word_1_36' title='bbox 223 530 320 579; x_wconf 90' lang='lat' dir='ltr'>morte</span> <span class='ocrx_word' id='word_1_37' title='bbox 353 515 548 592; x_wconf 78' lang='lat' dir='ltr'>dissolvitur,</span> <span class='ocrx_word' id='word_1_38' title='bbox 577 527 742 575; x_wconf 87' lang='lat' dir='ltr'>ceterarum</span> <span class='ocrx_word' id='word_1_39' title='bbox 774 531 875 573; x_wconf 87' lang='lat' dir='ltr'>rerum</span> <span class='ocrx_word' id='word_1_40' title='bbox 897 531 966 592; x_wconf 89' lang='lat' dir='ltr'>per·</span> 
     </span>
     <span class='ocr_line' id='line_1_7' title="bbox 55 591 969 686; baseline -0.009 -24"><span class='ocrx_word' id='word_1_41' title='bbox 55 612 64 617; x_wconf 83' lang='lat'><em>&#39;</em></span> <span class='ocrx_word' id='word_1_42' title='bbox 103 603 259 686; x_wconf 26' lang='lat' dir='ltr'>*spicuam</span> <span class='ocrx_word' id='word_1_43' title='bbox 292 613 357 677; x_wconf 88' lang='lat' dir='ltr'>est,</span> <span class='ocrx_word' id='word_1_44' title='bbox 395 621 456 683; x_wconf 88' lang='lat' dir='ltr'>quo</span> <span class='ocrx_word' id='word_1_45' title='bbox 477 621 615 682; x_wconf 86' lang='lat' dir='ltr'>quaeque</span> <span class='ocrx_word' id='word_1_46' title='bbox 649 595 822 669; x_wconf 76' lang='lat' dir='ltr'>discedant:</span> <span class='ocrx_word' id='word_1_47' title='bbox 855 591 969 655; x_wconf 86' lang='lat' dir='ltr'>abeunt</span> 
     </span>
    </p>
   </div>
   <div class='ocr_carea' id='block_1_2' title="bbox 66 678 1002 1020">
    <p class='ocr_par' dir='ltr' id='par_1_2' title="bbox 66 678 972 767">
     <span class='ocr_line' id='line_1_8' title="bbox 66 678 972 767; baseline -0.014 -19"><span class='ocrx_word' id='word_1_48' title='bbox 66 762 69 767; x_wconf 24' lang='lat'><em>⁴</em></span> <span class='ocrx_word' id='word_1_49' title='bbox 118 687 201 755; x_wconf 85' lang='lat' dir='ltr'>enirn</span> <span class='ocrx_word' id='word_1_50' title='bbox 218 685 297 763; x_wconf 82' lang='lat' dir='ltr'>illuc</span> <span class='ocrx_word' id='word_1_51' title='bbox 316 684 438 760; x_wconf 90' lang='lat' dir='ltr'>omnia,</span> <span class='ocrx_word' id='word_1_52' title='bbox 466 682 547 745; x_wconf 83' lang='lat' dir='ltr'>unde</span> <span class='ocrx_word' id='word_1_53' title='bbox 568 685 634 743; x_wconf 67' lang='lat' dir='ltr'>orti</span> <span class='ocrx_word' id='word_1_54' title='bbox 654 692 740 743; x_wconf 70' lang='lat' dir='ltr'>sunta</span> <span class='ocrx_word' id='word_1_55' title='bbox 769 678 888 740; x_wconf 84' lang='lat' dir='ltr'>animus</span> <span class='ocrx_word' id='word_1_56' title='bbox 908 699 972 739; x_wconf 84' lang='lat' dir='ltr'>an·.</span> 
     </span>
    </p>

    <p class='ocr_par' dir='ltr' id='par_1_3' title="bbox 118 761 1002 1020">
     <span class='ocr_line' id='line_1_9' title="bbox 119 761 967 851; baseline -0.009 -21"><span class='ocrx_word' id='word_1_57' title='bbox 119 781 183 831; x_wconf 88' lang='lat' dir='ltr'>tem</span> <span class='ocrx_word' id='word_1_58' title='bbox 205 770 287 830; x_wconf 88' lang='lat' dir='ltr'>solus</span> <span class='ocrx_word' id='word_1_59' title='bbox 307 791 364 830; x_wconf 85' lang='lat' dir='ltr'>nee</span> <span class='ocrx_word' id='word_1_60' title='bbox 385 789 478 851; x_wconf 85' lang='lat' dir='ltr'>quum</span> <span class='ocrx_word' id='word_1_61' title='bbox 500 766 601 841; x_wconf 90' lang='lat' dir='ltr'>adest,</span> <span class='ocrx_word' id='word_1_62' title='bbox 629 784 799 847; x_wconf 64' lang='lat' dir='ltr'>nec‘qnum</span> <span class='ocrx_word' id='word_1_63' title='bbox 821 761 967 841; x_wconf 83' lang='lat' dir='ltr'>discedit,</span> 
     </span>
     <span class='ocr_line' id='line_1_10' title="bbox 119 846 969 937; baseline -0.008 -23"><span class='ocrx_word' id='word_1_64' title='bbox 119 850 255 937; x_wconf 87' lang='lat' dir='ltr'>apparet.</span> <span class='ocrx_word' id='word_1_65' title='bbox 277 853 341 915; x_wconf 89' lang='lat' dir='ltr'>Iam</span> <span class='ocrx_word' id='word_1_66' title='bbox 363 875 431 912; x_wconf 82' lang='lat' dir='ltr'>vero</span> <span class='ocrx_word' id='word_1_67' title='bbox 453 848 585 926; x_wconf 82' lang='lat' dir='ltr'>ridetis,</span> <span class='ocrx_word' id='word_1_68' title='bbox 614 849 688 913; x_wconf 83' lang='lat' dir='ltr'>nihil</span> <span class='ocrx_word' id='word_1_69' title='bbox 711 846 799 909; x_wconf 91' lang='lat' dir='ltr'>morti</span> <span class='ocrx_word' id='word_1_70' title='bbox 821 868 884 908; x_wconf 81' lang='lat' dir='ltr'>csse</span> <span class='ocrx_word' id='word_1_71' title='bbox 907 855 969 918; x_wconf 80' lang='lat' dir='ltr'>tam</span> 
     </span>
     <span class='ocr_line' id='line_1_11' title="bbox 118 931 1002 1020; baseline -0.007 -22"><span class='ocrx_word' id='word_1_72' title='bbox 118 937 238 1012; x_wconf 82' lang='lat' dir='ltr'>simile,</span> <span class='ocrx_word' id='word_1_73' title='bbox 262 958 352 1020; x_wconf 89' lang='lat' dir='ltr'>quam</span> <span class='ocrx_word' id='word_1_74' title='bbox 385 954 531 997; x_wconf 84' lang='lat' dir='ltr'>somnum.</span> <span class='ocrx_word' id='word_1_75' title='bbox 554 934 649 1016; x_wconf 76' lang='lat' dir='ltr'>Atqui</span> <span class='ocrx_word' id='word_1_76' title='bbox 672 932 883 996; x_wconf 83' lang='lat' dir='ltr'>dormientium</span> <span class='ocrx_word' id='word_1_77' title='bbox 905 931 968 993; x_wconf 89' lang='lat' dir='ltr'>ani·</span> <span class='ocrx_word' id='word_1_78' title='bbox 993 932 1002 953; x_wconf 85' lang='lat'><strong>‘</strong></span> 
     </span>
    </p>
   </div>
   <div class='ocr_carea' id='block_1_3' title="bbox 13 1019 1056 1097">
    <p class='ocr_par' dir='ltr' id='par_1_4' title="bbox 13 1019 1056 1097">
     <span class='ocr_line' id='line_1_12' title="bbox 13 1019 1056 1097; baseline -0.006 -14"><span class='ocrx_word' id='word_1_79' title='bbox 13 1061 20 1065; x_wconf 93' lang='lat'><em>-</em></span> <span class='ocrx_word' id='word_1_80' title='bbox 118 1021 163 1082; x_wconf 85' lang='lat' dir='ltr'>mi</span> <span class='ocrx_word' id='word_1_81' title='bbox 184 1022 313 1085; x_wconf 80' lang='lat' dir='ltr'>maxime</span> <span class='ocrx_word' id='word_1_82' title='bbox 349 1021 506 1097; x_wconf 83' lang='lat' dir='ltr'>declarant</span> <span class='ocrx_word' id='word_1_83' title='bbox 533 1019 720 1080; x_wconf 80' lang='lat' dir='ltr'>divinitatem</span> <span class='ocrx_word' id='word_1_84' title='bbox 743 1040 849 1079; x_wconf 87' lang='lat' dir='ltr'>snam:</span> <span class='ocrx_word' id='word_1_85' title='bbox 872 1019 968 1083; x_wconf 83' lang='lat' dir='ltr'>multa</span> <span class='ocrx_word' id='word_1_86' title='bbox 1054 1024 1056 1029; x_wconf 82' lang='lat'>&#39;</span> 
     </span>
    </p>
   </div>
   <div class='ocr_carea' id='block_1_4' title="bbox 116 1102 995 1865">
    <p class='ocr_par' dir='ltr' id='par_1_5' title="bbox 116 1102 995 1865">
     <span class='ocr_line' id='line_1_13' title="bbox 118 1102 994 1188; baseline -0.006 -22"><span class='ocrx_word' id='word_1_87' title='bbox 118 1105 226 1182; x_wconf 88' lang='lat' dir='ltr'>enim,</span> <span class='ocrx_word' id='word_1_88' title='bbox 249 1102 343 1188; x_wconf 82' lang='lat' dir='ltr'>qnnin</span> <span class='ocrx_word' id='word_1_89' title='bbox 358 1105 472 1166; x_wconf 85' lang='lat' dir='ltr'>remissi</span> <span class='ocrx_word' id='word_1_90' title='bbox 488 1116 540 1181; x_wconf 86' lang='lat' dir='ltr'>,et</span> <span class='ocrx_word' id='word_1_91' title='bbox 562 1103 650 1164; x_wconf 88' lang='lat' dir='ltr'>liberi</span> <span class='ocrx_word' id='word_1_92' title='bbox 664 1115 753 1179; x_wconf 86' lang='lat' dir='ltr'>sunt,</span> <span class='ocrx_word' id='word_1_93' title='bbox 776 1102 877 1164; x_wconf 79' lang='lat' dir='ltr'>tirttrra</span> <span class='ocrx_word' id='word_1_94' title='bbox 899 1123 969 1184; x_wconf 90' lang='lat' dir='ltr'>pro·</span> <span class='ocrx_word' id='word_1_95' title='bbox 993 1158 994 1161; x_wconf 74' lang='grc'>,</span> 
     </span>
     <span class='ocr_line' id='line_1_14' title="bbox 118 1185 969 1272; baseline 0.002 -25"><span class='ocrx_word' id='word_1_96' title='bbox 118 1190 259 1272; x_wconf 83' lang='lat' dir='ltr'>spiciunt.</span> <span class='ocrx_word' id='word_1_97' title='bbox 282 1188 331 1251; x_wconf 78' lang='lat' dir='ltr'>Ex</span> <span class='ocrx_word' id='word_1_98' title='bbox 351 1212 413 1272; x_wconf 86' lang='lat' dir='ltr'>quo</span> <span class='ocrx_word' id='word_1_99' title='bbox 435 1188 637 1270; x_wconf 81' lang='lat' dir='ltr'>intelligitur,</span> <span class='ocrx_word' id='word_1_100' title='bbox 668 1187 773 1269; x_wconf 87' lang='lat' dir='ltr'>quales</span> <span class='ocrx_word' id='word_1_101' title='bbox 794 1185 887 1247; x_wconf 84' lang='lat' dir='ltr'>lutnri</span> <span class='ocrx_word' id='word_1_102' title='bbox 909 1186 969 1249; x_wconf 87' lang='lat' dir='ltr'>sint</span> 
     </span>
     <span class='ocr_line' id='line_1_15' title="bbox 118 1269 966 1357; baseline 0 -24"><span class='ocrx_word' id='word_1_103' title='bbox 118 1295 217 1356; x_wconf 84' lang='lat' dir='ltr'>quum</span> <span class='ocrx_word' id='word_1_104' title='bbox 250 1296 281 1334; x_wconf 85' lang='lat' dir='ltr'>se</span> <span class='ocrx_word' id='word_1_105' title='bbox 306 1273 412 1357; x_wconf 55' lang='lat' dir='ltr'>plane,</span> <span class='ocrx_word' id='word_1_106' title='bbox 428 1274 560 1355; x_wconf 84' lang='lat' dir='ltr'>corporis</span> <span class='ocrx_word' id='word_1_107' title='bbox 597 1271 724 1332; x_wconf 78' lang='lat' dir='ltr'>vinealis</span> <span class='ocrx_word' id='word_1_108' title='bbox 759 1269 966 1333; x_wconf 79' lang='lat' dir='ltr'>relaxaverint.</span> 
     </span>
     <span class='ocr_line' id='line_1_16' title="bbox 117 1353 969 1435; baseline -0.005 -16"><span class='ocrx_word' id='word_1_109' title='bbox 117 1357 221 1435; x_wconf 87' lang='lat' dir='ltr'>Quare</span> <span class='ocrx_word' id='word_1_110' title='bbox 242 1358 265 1418; x_wconf 91' lang='lat' dir='ltr'>si</span> <span class='ocrx_word' id='word_1_111' title='bbox 287 1357 362 1433; x_wconf 78' lang='lat' dir='ltr'>liaeo</span> <span class='ocrx_word' id='word_1_112' title='bbox 383 1359 424 1418; x_wconf 88' lang='lat' dir='ltr'>ita</span> <span class='ocrx_word' id='word_1_113' title='bbox 446 1369 536 1435; x_wconf 86' lang='lat' dir='ltr'>sunt,</span> <span class='ocrx_word' id='word_1_114' title='bbox 558 1356 601 1419; x_wconf 85' lang='lat' dir='ltr'>sie</span> <span class='ocrx_word' id='word_1_115' title='bbox 623 1378 673 1416; x_wconf 89' lang='lat' dir='ltr'>me</span> <span class='ocrx_word' id='word_1_116' title='bbox 693 1355 839 1431; x_wconf 75' lang='lat' dir='ltr'>nolitote,</span> <span class='ocrx_word' id='word_1_117' title='bbox 861 1366 901 1414; x_wconf 58' lang='lat' dir='ltr'>ut*</span> <span class='ocrx_word' id='word_1_118' title='bbox 916 1353 969 1415; x_wconf 86' lang='lat' dir='ltr'>de·</span> 
     </span>
     <span class='ocr_line' id='line_1_17' title="bbox 119 1440 967 1523; baseline -0.001 -22"><span class='ocrx_word' id='word_1_119' title='bbox 119 1462 193 1502; x_wconf 79' lang='lat' dir='ltr'>um:</span> <span class='ocrx_word' id='word_1_120' title='bbox 214 1440 259 1502; x_wconf 88' lang='lat' dir='ltr'>sin</span> <span class='ocrx_word' id='word_1_121' title='bbox 281 1465 340 1503; x_wconf 85' lang='lat' dir='ltr'>nna</span> <span class='ocrx_word' id='word_1_122' title='bbox 355 1441 529 1504; x_wconf 87' lang='lat' dir='ltr'>interituros</span> <span class='ocrx_word' id='word_1_123' title='bbox 562 1452 610 1502; x_wconf 84' lang='lat' dir='ltr'>est</span> <span class='ocrx_word' id='word_1_124' title='bbox 631 1440 749 1501; x_wconf 87' lang='lat' dir='ltr'>animus</span> <span class='ocrx_word' id='word_1_125' title='bbox 769 1459 836 1499; x_wconf 87' lang='lat' dir='ltr'>oum</span> <span class='ocrx_word' id='word_1_126' title='bbox 859 1460 967 1523; x_wconf 87' lang='lat' dir='ltr'>corpo·</span> 
     </span>
     <span class='ocr_line' id='line_1_18' title="bbox 117 1522 968 1609; baseline -0.002 -23"><span class='ocrx_word' id='word_1_127' title='bbox 117 1546 175 1600; x_wconf 87' lang='lat' dir='ltr'>re,</span> <span class='ocrx_word' id='word_1_128' title='bbox 212 1549 263 1591; x_wconf 84' lang='lat' dir='ltr'>ros</span> <span class='ocrx_word' id='word_1_129' title='bbox 282 1540 384 1609; x_wconf 81' lang='lat' dir='ltr'>tamen</span> <span class='ocrx_word' id='word_1_130' title='bbox 406 1525 478 1593; x_wconf 89' lang='lat' dir='ltr'>deos</span> <span class='ocrx_word' id='word_1_131' title='bbox 500 1539 635 1588; x_wconf 80' lang='lat' dir='ltr'>serentes</span> <span class='ocrx_word' id='word_1_132' title='bbox 649 1573 658 1603; x_wconf 92' lang='lat'>‚</span> <span class='ocrx_word' id='word_1_133' title='bbox 674 1522 727 1609; x_wconf 68' lang='lat' dir='ltr'>qui</span> <span class='ocrx_word' id='word_1_134' title='bbox 748 1525 826 1588; x_wconf 73' lang='lat' dir='ltr'>liano</span> <span class='ocrx_word' id='word_1_135' title='bbox 848 1542 968 1591; x_wconf 82' lang='lat' dir='ltr'>omnem</span> 
     </span>
     <span class='ocr_line' id='line_1_19' title="bbox 117 1610 995 1694; baseline 0.011 -26"><span class='ocrx_word' id='word_1_136' title='bbox 117 1610 364 1692; x_wconf 72' lang='lat' dir='ltr'>pulcritudinem,</span> <span class='ocrx_word' id='word_1_137' title='bbox 385 1612 537 1689; x_wconf 80' lang='lat' dir='ltr'>tuentur,</span> <span class='ocrx_word' id='word_1_138' title='bbox 572 1623 603 1672; x_wconf 88' lang='lat' dir='ltr'>et</span> <span class='ocrx_word' id='word_1_139' title='bbox 629 1624 757 1694; x_wconf 82' lang='lat' dir='ltr'>regunt,</span> <span class='ocrx_word' id='word_1_140' title='bbox 794 1611 967 1676; x_wconf 86' lang='lat' dir='ltr'>memoriam</span> <span class='ocrx_word' id='word_1_141' title='bbox 993 1673 995 1677; x_wconf 89' lang='lat'>.</span> 
     </span>
     <span class='ocr_line' id='line_1_20' title="bbox 117 1694 967 1780; baseline 0.012 -29"><span class='ocrx_word' id='word_1_142' title='bbox 117 1695 213 1767; x_wconf 84' lang='lat' dir='ltr'>nostri</span> <span class='ocrx_word' id='word_1_143' title='bbox 235 1697 284 1779; x_wconf 87' lang='lat' dir='ltr'>pie</span> <span class='ocrx_word' id='word_1_144' title='bbox 297 1742 306 1773; x_wconf 92' lang='lat'>,</span> <span class='ocrx_word' id='word_1_145' title='bbox 321 1697 524 1780; x_wconf 77' lang='lat' dir='ltr'>inviolateque</span> <span class='ocrx_word' id='word_1_146' title='bbox 549 1696 712 1758; x_wconf 73' lang='lat' dir='ltr'>servabitis.</span> <span class='ocrx_word' id='word_1_147' title='bbox 727 1694 821 1780; x_wconf 79' lang='lat' dir='ltr'>Cyrus</span> <span class='ocrx_word' id='word_1_148' title='bbox 842 1695 967 1777; x_wconf 83' lang='lat' dir='ltr'>quidem</span> 
     </span>
     <span class='ocr_line' id='line_1_21' title="bbox 116 1772 965 1865; baseline 0.008 -28"><span class='ocrx_word' id='word_1_149' title='bbox 116 1776 191 1839; x_wconf 87' lang='lat' dir='ltr'>haee</span> <span class='ocrx_word' id='word_1_150' title='bbox 225 1780 366 1842; x_wconf 86' lang='lat' dir='ltr'>moriens.</span> <span class='ocrx_word' id='word_1_151' title='bbox 388 1781 470 1859; x_wconf 75' lang='lat' dir='ltr'>llos,</span> <span class='ocrx_word' id='word_1_152' title='bbox 493 1780 516 1841; x_wconf 86' lang='lat' dir='ltr'>si</span> <span class='ocrx_word' id='word_1_153' title='bbox 539 1780 658 1865; x_wconf 78' lang='lat' dir='ltr'>placet,</span> <span class='ocrx_word' id='word_1_154' title='bbox 680 1790 781 1843; x_wconf 86' lang='lat' dir='ltr'>nostra</span> <span class='ocrx_word' id='word_1_155' title='bbox 802 1772 965 1845; x_wconf 74' lang='lat' dir='ltr'>rideamus.</span> 
     </span>
    </p>
   </div>
   <div class='ocr_carea' id='block_1_5' title="bbox 19 1858 966 1950">
    <p class='ocr_par' dir='ltr' id='par_1_6' title="bbox 19 1858 966 1950">
     <span class='ocr_line' id='line_1_22' title="bbox 19 1858 966 1950; baseline 0.006 -28"><span class='ocrx_word' id='word_1_156' title='bbox 19 1924 23 1930; x_wconf 70' lang='lat'>,</span> <span class='ocrx_word' id='word_1_157' title='bbox 101 1858 212 1924; x_wconf 75' lang='lat' dir='ltr'>¹Nemo</span> <span class='ocrx_word' id='word_1_158' title='bbox 240 1874 378 1946; x_wconf 81' lang='lat' dir='ltr'>‚unquam</span> <span class='ocrx_word' id='word_1_159' title='bbox 406 1866 479 1925; x_wconf 88' lang='lat' dir='ltr'>mihi</span> <span class='ocrx_word' id='word_1_160' title='bbox 493 1875 506 1942; x_wconf 83' lang='lat'>,&#39;</span> <span class='ocrx_word' id='word_1_161' title='bbox 531 1866 655 1947; x_wconf 79' lang='lat' dir='ltr'>Scipio,</span> <span class='ocrx_word' id='word_1_162' title='bbox 677 1864 891 1950; x_wconf 83' lang='lat' dir='ltr'>persuadebit,</span> <span class='ocrx_word' id='word_1_163' title='bbox 913 1880 966 1928; x_wconf 85' lang='lat' dir='ltr'>ant</span> 
     </span>
    </p>
   </div>
   <div class='ocr_carea' id='block_1_6' title="bbox 68 1946 1049 2955">
    <p class='ocr_par' dir='ltr' id='par_1_7' title="bbox 68 1946 1049 2955">
     <span class='ocr_line' id='line_1_23' title="bbox 115 1946 964 2029; baseline 0.007 -24"><span class='ocrx_word' id='word_1_164' title='bbox 115 1960 234 2029; x_wconf 86' lang='lat' dir='ltr'>patrem</span> <span class='ocrx_word' id='word_1_165' title='bbox 258 1960 342 2007; x_wconf 89' lang='lat' dir='ltr'>tuum</span> <span class='ocrx_word' id='word_1_166' title='bbox 363 1948 511 2025; x_wconf 85' lang='lat' dir='ltr'>Paulum,</span> <span class='ocrx_word' id='word_1_167' title='bbox 528 1961 581 2010; x_wconf 84' lang='lat' dir='ltr'>aut</span> <span class='ocrx_word' id='word_1_168' title='bbox 602 1950 679 2012; x_wconf 88' lang='lat' dir='ltr'>duos</span> <span class='ocrx_word' id='word_1_169' title='bbox 698 1972 793 2026; x_wconf 85' lang='lat' dir='ltr'>aros,</span> <span class='ocrx_word' id='word_1_170' title='bbox 816 1946 964 2026; x_wconf 90' lang='lat' dir='ltr'>Paulum,</span> 
     </span>
     <span class='ocr_line' id='line_1_24' title="bbox 117 2028 964 2117; baseline 0.008 -28"><span class='ocrx_word' id='word_1_171' title='bbox 117 2042 151 2089; x_wconf 88' lang='lat' dir='ltr'>et</span> <span class='ocrx_word' id='word_1_172' title='bbox 172 2028 346 2093; x_wconf 72' lang='lat' dir='ltr'>Africanum</span> <span class='ocrx_word' id='word_1_173' title='bbox 359 2076 368 2107; x_wconf 93' lang='lat'>,</span> <span class='ocrx_word' id='word_1_174' title='bbox 382 2044 435 2091; x_wconf 85' lang='lat' dir='ltr'>aut</span> <span class='ocrx_word' id='word_1_175' title='bbox 447 2030 578 2099; x_wconf 78' lang='lat' dir='ltr'>Africani</span> <span class='ocrx_word' id='word_1_176' title='bbox 594 2047 731 2117; x_wconf 88' lang='lat' dir='ltr'>patrem,</span> <span class='ocrx_word' id='word_1_177' title='bbox 748 2046 802 2094; x_wconf 90' lang='lat' dir='ltr'>ant</span> <span class='ocrx_word' id='word_1_178' title='bbox 822 2045 964 2116; x_wconf 83' lang='lat' dir='ltr'>patruum</span> 
     </span>
     <span class='ocr_line' id='line_1_25' title="bbox 116 2115 963 2201; baseline 0.009 -28"><span class='ocrx_word' id='word_1_179' title='bbox 116 2126 172 2175; x_wconf 88' lang='lat' dir='ltr'>ant</span> <span class='ocrx_word' id='word_1_180' title='bbox 192 2115 303 2176; x_wconf 91' lang='lat' dir='ltr'>multos</span> <span class='ocrx_word' id='word_1_181' title='bbox 335 2127 519 2198; x_wconf 81' lang='lat' dir='ltr'>praestantes</span> <span class='ocrx_word' id='word_1_182' title='bbox 552 2119 644 2197; x_wconf 82' lang='lat' dir='ltr'>viros,</span> <span class='ocrx_word' id='word_1_183' title='bbox 679 2140 755 2201; x_wconf 86' lang='lat' dir='ltr'>qnos</span> <span class='ocrx_word' id='word_1_184' title='bbox 787 2140 963 2181; x_wconf 85' lang='lat' dir='ltr'>enumerare</span> 
     </span>
     <span class='ocr_line' id='line_1_26' title="bbox 116 2202 964 2286; baseline 0.009 -30"><span class='ocrx_word' id='word_1_185' title='bbox 116 2219 178 2258; x_wconf 92' lang='lat' dir='ltr'>non</span> <span class='ocrx_word' id='word_1_186' title='bbox 206 2212 251 2259; x_wconf 86' lang='lat' dir='ltr'>est</span> <span class='ocrx_word' id='word_1_187' title='bbox 284 2222 423 2277; x_wconf 83' lang='lat' dir='ltr'>neeesse,</span> <span class='ocrx_word' id='word_1_188' title='bbox 459 2212 541 2262; x_wconf 86' lang='lat' dir='ltr'>tanta</span> <span class='ocrx_word' id='word_1_189' title='bbox 563 2223 626 2264; x_wconf 84' lang='lat' dir='ltr'>osse</span> <span class='ocrx_word' id='word_1_190' title='bbox 653 2216 799 2280; x_wconf 83' lang='lat' dir='ltr'>conatos,</span> <span class='ocrx_word' id='word_1_191' title='bbox 823 2224 902 2286; x_wconf 87' lang='lat' dir='ltr'>qnae</span> <span class='ocrx_word' id='word_1_192' title='bbox 918 2202 964 2266; x_wconf 83' lang='lat' dir='ltr'>nd</span> 
     </span>
     <span class='ocr_line' id='line_1_27' title="bbox 115 2283 964 2370; baseline 0.011 -30"><span class='ocrx_word' id='word_1_193' title='bbox 115 2283 301 2364; x_wconf 76' lang='lat' dir='ltr'>posteritatis,</span> <span class='ocrx_word' id='word_1_194' title='bbox 329 2286 503 2347; x_wconf 87' lang='lat' dir='ltr'>memoriam</span> <span class='ocrx_word' id='word_1_195' title='bbox 531 2289 738 2370; x_wconf 84' lang='lat' dir='ltr'>pertinerent:</span> <span class='ocrx_word' id='word_1_196' title='bbox 772 2288 828 2353; x_wconf 85' lang='lat' dir='ltr'>nisi</span> <span class='ocrx_word' id='word_1_197' title='bbox 862 2287 964 2349; x_wconf 86' lang='lat' dir='ltr'>animo</span> 
     </span>
     <span class='ocr_line' id='line_1_28' title="bbox 115 2370 962 2455; baseline 0.006 -30"><span class='ocrx_word' id='word_1_198' title='bbox 115 2381 294 2446; x_wconf 87' lang='lat' dir='ltr'>cernerent,</span> <span class='ocrx_word' id='word_1_199' title='bbox 311 2370 520 2454; x_wconf 34' lang='lat' dir='ltr'>⁸posteritatem</span> <span class='ocrx_word' id='word_1_200' title='bbox 536 2371 575 2432; x_wconf 90' lang='lat' dir='ltr'>ad</span> <span class='ocrx_word' id='word_1_201' title='bbox 586 2395 618 2434; x_wconf 87' lang='lat' dir='ltr'>se</span> <span class='ocrx_word' id='word_1_202' title='bbox 640 2375 799 2455; x_wconf 85' lang='lat' dir='ltr'>pertinere.</span> <span class='ocrx_word' id='word_1_203' title='bbox 822 2372 872 2432; x_wconf 77' lang='lat' dir='ltr'>An</span> <span class='ocrx_word' id='word_1_204' title='bbox 893 2391 962 2431; x_wconf 86' lang='lat' dir='ltr'>een-</span> 
     </span>
     <span class='ocr_line' id='line_1_29' title="bbox 95 2451 999 2538; baseline 0 -24"><span class='ocrx_word' id='word_1_205' title='bbox 95 2470 161 2514; x_wconf 62' lang='lat' dir='ltr'>„ses</span> <span class='ocrx_word' id='word_1_206' title='bbox 183 2454 193 2529; x_wconf 74' lang='lat' dir='ltr'>l</span> <span class='ocrx_word' id='word_1_207' title='bbox 216 2460 251 2513; x_wconf 84' lang='lat' dir='ltr'>u&#39;t</span> <span class='ocrx_word' id='word_1_208' title='bbox 262 2451 300 2513; x_wconf 90' lang='lat' dir='ltr'>de</span> <span class='ocrx_word' id='word_1_209' title='bbox 315 2476 361 2515; x_wconf 90' lang='lat' dir='ltr'>me</span> <span class='ocrx_word' id='word_1_210' title='bbox 373 2454 437 2537; x_wconf 90' lang='lat' dir='ltr'>ipso</span> <span class='ocrx_word' id='word_1_211' title='bbox 459 2455 575 2538; x_wconf 88' lang='lat' dir='ltr'>aliquid</span> <span class='ocrx_word' id='word_1_212' title='bbox 586 2454 669 2518; x_wconf 87' lang='lat' dir='ltr'>more</span> <span class='ocrx_word' id='word_1_213' title='bbox 690 2478 795 2520; x_wconf 83' lang='lat' dir='ltr'>senum</span> <span class='ocrx_word' id='word_1_214' title='bbox 816 2453 962 2537; x_wconf 81' lang='lat' dir='ltr'>glorier)</span> <span class='ocrx_word' id='word_1_215' title='bbox 996 2496 999 2508; x_wconf 40' lang='grc' dir='ltr'><strong><em>ι</em></strong></span> 
     </span>
     <span class='ocr_line' id='line_1_30' title="bbox 115 2536 960 2621; baseline 0.002 -25"><span class='ocrx_word' id='word_1_216' title='bbox 115 2558 164 2609; x_wconf 85' lang='lat' dir='ltr'>me</span> <span class='ocrx_word' id='word_1_217' title='bbox 199 2548 296 2599; x_wconf 88' lang='lat' dir='ltr'>tantos</span> <span class='ocrx_word' id='word_1_218' title='bbox 324 2537 442 2601; x_wconf 79' lang='lat' dir='ltr'>labores</span> <span class='ocrx_word' id='word_1_219' title='bbox 464 2537 608 2619; x_wconf 87' lang='lat' dir='ltr'>diurnos,</span> <span class='ocrx_word' id='word_1_220' title='bbox 630 2555 854 2621; x_wconf 85' lang='lat' dir='ltr'>nocturnosque</span> <span class='ocrx_word' id='word_1_221' title='bbox 877 2536 960 2598; x_wconf 91' lang='lat' dir='ltr'>domi</span> 
     </span>
     <span class='ocr_line' id='line_1_31' title="bbox 114 2619 961 2706; baseline 0.007 -26"><span class='ocrx_word' id='word_1_222' title='bbox 114 2619 300 2703; x_wconf 88' lang='lat' dir='ltr'>militiaeque</span> <span class='ocrx_word' id='word_1_223' title='bbox 332 2634 536 2706; x_wconf 85' lang='lat' dir='ltr'>suscepturum</span> <span class='ocrx_word' id='word_1_224' title='bbox 566 2624 656 2687; x_wconf 81' lang='lat' dir='ltr'>luisse</span> <span class='ocrx_word' id='word_1_225' title='bbox 679 2627 702 2685; x_wconf 90' lang='lat' dir='ltr'>si</span> <span class='ocrx_word' id='word_1_226' title='bbox 723 2623 828 2688; x_wconf 86' lang='lat' dir='ltr'>iisdem</span> <span class='ocrx_word' id='word_1_227' title='bbox 849 2621 961 2685; x_wconf 83' lang='lat' dir='ltr'>finibus</span> 
     </span>
     <span class='ocr_line' id='line_1_32' title="bbox 113 2702 961 2793; baseline 0.008 -30"><span class='ocrx_word' id='word_1_228' title='bbox 113 2702 239 2786; x_wconf 82' lang='lat' dir='ltr'>gloriam</span> <span class='ocrx_word' id='word_1_229' title='bbox 259 2727 383 2783; x_wconf 87' lang='lat' dir='ltr'>meam,</span> <span class='ocrx_word' id='word_1_230' title='bbox 407 2706 517 2793; x_wconf 85' lang='lat' dir='ltr'>quibus</span> <span class='ocrx_word' id='word_1_231' title='bbox 531 2707 646 2787; x_wconf 79' lang='lat' dir='ltr'>sitam,</span> <span class='ocrx_word' id='word_1_232' title='bbox 670 2730 763 2770; x_wconf 85' lang='lat' dir='ltr'>essem</span> <span class='ocrx_word' id='word_1_233' title='bbox 786 2708 961 2770; x_wconf 85' lang='lat' dir='ltr'>terminatu-</span> 
     </span>
     <span class='ocr_line' id='line_1_33' title="bbox 104 2786 960 2871; baseline 0.012 -26"><span class='ocrx_word' id='word_1_234' title='bbox 104 2786 196 2848; x_wconf 76' lang='lat' dir='ltr'>rus?</span> <span class='ocrx_word' id='word_1_235' title='bbox 219 2786 324 2848; x_wconf 87' lang='lat' dir='ltr'>Nonne</span> <span class='ocrx_word' id='word_1_236' title='bbox 345 2790 452 2853; x_wconf 86' lang='lat' dir='ltr'>melius</span> <span class='ocrx_word' id='word_1_237' title='bbox 466 2791 562 2852; x_wconf 88' lang='lat' dir='ltr'>multo</span> <span class='ocrx_word' id='word_1_238' title='bbox 584 2794 707 2871; x_wconf 87' lang='lat' dir='ltr'>suisset,</span> <span class='ocrx_word' id='word_1_239' title='bbox 733 2793 858 2854; x_wconf 87' lang='lat' dir='ltr'>otiosam</span> <span class='ocrx_word' id='word_1_240' title='bbox 879 2804 960 2855; x_wconf 77' lang='lat' dir='ltr'>aeta·</span> 
     </span>
     <span class='ocr_line' id='line_1_34' title="bbox 68 2872 1049 2955; baseline 0.016 -26"><span class='ocrx_word' id='word_1_241' title='bbox 68 2906 71 2910; x_wconf 58' lang='lat'>&gt;</span> <span class='ocrx_word' id='word_1_242' title='bbox 112 2881 201 2947; x_wconf 87' lang='lat' dir='ltr'>tem,</span> <span class='ocrx_word' id='word_1_243' title='bbox 238 2874 421 2955; x_wconf 87' lang='lat' dir='ltr'>etquietam</span> <span class='ocrx_word' id='word_1_244' title='bbox 456 2875 519 2938; x_wconf 85' lang='lat' dir='ltr'>sine</span> <span class='ocrx_word' id='word_1_245' title='bbox 540 2872 605 2937; x_wconf 94' lang='lat' dir='ltr'>ullo</span> <span class='ocrx_word' id='word_1_246' title='bbox 628 2877 753 2954; x_wconf 86' lang='lat' dir='ltr'>labore,</span> <span class='ocrx_word' id='word_1_247' title='bbox 780 2891 811 2940; x_wconf 88' lang='lat' dir='ltr'>et</span> <span class='ocrx_word' id='word_1_248' title='bbox 832 2891 974 2943; x_wconf 55' lang='lat' dir='ltr'>content</span> <span class='ocrx_word' id='word_1_249' title='bbox 1045 2890 1049 2893; x_wconf 73' lang='grc'>’</span> 
     </span>
    </p>
   </div>
   <div class='ocr_carea' id='block_1_7' title="bbox 111 2954 958 3053">
    <p class='ocr_par' dir='ltr' id='par_1_8' title="bbox 111 2954 958 3053">
     <span class='ocr_line' id='line_1_35' title="bbox 111 2954 958 3053; baseline 0.008 -31"><span class='ocrx_word' id='word_1_250' title='bbox 111 2954 194 3037; x_wconf 75' lang='lat' dir='ltr'>tione</span> <span class='ocrx_word' id='word_1_251' title='bbox 217 2955 371 3053; x_wconf 80' lang='lat' dir='ltr'>traducere</span> <span class='ocrx_word' id='word_1_252' title='bbox 387 2957 502 3053; x_wconf 45' lang='lat' dir='ltr'>ised,</span> <span class='ocrx_word' id='word_1_253' title='bbox 523 2961 625 3030; x_wconf 68' lang='lat' dir='ltr'>nescio</span> <span class='ocrx_word' id='word_1_254' title='bbox 638 2961 814 3049; x_wconf 84' lang='lat' dir='ltr'>quomodo,</span> <span class='ocrx_word' id='word_1_255' title='bbox 836 2965 958 3031; x_wconf 78' lang='lat' dir='ltr'>animus</span> 
     </span>
    </p>
   </div>
   <div class='ocr_carea' id='block_1_8' title="bbox 0 0 1184 3567">
    <p class='ocr_par' dir='ltr' id='par_1_9' title="bbox 0 0 1184 3567">
     <span class='ocr_line' id='line_1_36' title="bbox 0 0 1184 3567; baseline 0 2"><span class='ocrx_word' id='word_1_256' title='bbox 0 0 1184 3567; x_wconf 95' lang='lat' dir='ltr'> </span> 
     </span>
    </p>
   </div>
  </div>
 </body>
</html>
