2359 3567
252 255 316 316 aad
448 275 452 287 ’
482 276 529 316 ἠ.
553 276 579 317 τ.
603 276 763 319 nicanoris.

208 340 358 416 consilio,
380 356 399 399 α
421 336 611 422 deprecatum
649 343 797 415 senisset3
820 339 914 402 hanc*
927 353 962 403 nt
996 341 1054 405 sibi

208 423 411 506 ignoscerem,
434 446 565 484 caussam
583 425 755 500 adnabat,
779 425 860 507 qnod
879 428 952 486 tanti
979 428 1053 489 Tib.

208 508 380 570 Gracchum
416 507 555 585 fecisset,
585 522 640 585 ut,
671 508 818 591 quidquid
852 507 904 569 ille
936 511 1053 587 vellet,

208 592 265 652 sibi
288 592 458 653 faciendum
481 604 614 676 potaret.
647 593 727 653 Tum
760 615 839 674 ego:
867 592 998 655 etiamne
1029 597 1054 655 si

209 690 240 737 te·
260 680 290 749 in
312 672 596 760 Capitolium‘faces
618 675 694 737 ferre
716 677 834 738 vellet?
856 676 1053 759 Numquam,
1111 681 1117 694 ‘
1145 741 1149 747 ,

209 763 333 844 inquit,
359 761 497 823 voluisset
517 761 549 821 id
571 759 716 844 quidem:
740 760 817 833 sed,
842 761 864 821 si
888 761 1052 840 voluisset,

223 848 383 908 eruissem.
416 845 555 916 Videtis,
592 845 610 904 b
645 868 734 928 quam
771 843 882 906 nesano
917 869 999 920 νοις
1022 860 1055 907 et

209 867 309 991 inercie
331 931 372 990 ita
395 929 489 1006 fecit,
513 931 560 991 vel
589 929 657 1012 plus
689 931 806 1005 etiam,
840 951 930 1013 quam
965 930 1052 992 dixit.

208 1012 275 1074 Non
296 1016 374 1076 enim
398 1015 496 1097 paruit
516 1015 569 1074 itte
590 1013 686 1073 'iiber
702 1048 704 1051 ·
718 1015 846 1074 Gracchi
870 1017 1054 1087 temeritati,

208 1098 260 1158 sed
283 1098 432 1183 praefuit:
455 1122 509 1162 nec
532 1121 563 1158 se
584 1100 722 1158 comitem
745 1097 977 1171 altusmons,
1000 1098 1055 1159 sed

181 1248 184 1253 7
208 1182 316 1245 ducem
337 1183 486 1267 praebuit.
510 1184 617 1264 Itaque
630 1183 687 1242 hac
709 1182 856 1259 amentia,
876 1183 1055 1265 quaestione

208 1289 284 1330 nova
307 1268 501 1353 perterritus,
523 1269 553 1327 in
577 1267 679 1328 Asiam
702 1264 856 1349 profugit,
886 1267 923 1326 ad
954 1268 1055 1328 hostes

209 1376 241 1413 se
262 1353 411 1429 contulit,
445 1370 567 1435 poenas·
589 1350 707 1433 reipub.
743 1372 868 1431 graves,
901 1353 1056 1432 iustasque

208 1438 359 1520 persolvit.
377 1459 398 1497 c
420 1435 513 1497 Nuffa
534 1450 578 1496 est
600 1435 690 1518 igitur
711 1434 861 1494 excusatio
884 1436 1011 1518 peccati,
1030 1437 1055 1495 si

189 1522 297 1593 ,amici
319 1534 419 1582 caussa
442 1520 626 1602 peccaveris:
643 1518 716 1578 Nam
744 1538 839 1599 quarm
866 1517 1055 1579 conciliatrix

162 1654 165 1659 .
208 1607 355 1666 amicitiae
378 1604 493 1665 virtutis
514 1604 616 1688 opinio
638 1601 747 1678 fuerit,
770 1602 890 1663 difficile
910 1616 955 1662 est
977 1605 1055 1662 ami·

209 1689 315 1750 sitiam
329 1709 477 1766 manere,
501 1690 525 1748 si
546 1712 563 1749 n
594 1689 703 1748 virtute
720 1685 883 1774 defeceris.
916 1680 1006 1764 Quod
1030 1690 1055 1748 si

208 1788 323 1835 rectum
348 1773 560 1850 statuerimus,
582 1773 630 1833 vel
652 1769 815 1832 concedere
837 1772 938 1834 amicis
971 1770 1056 1853 quiea

176 1916 180 1937 ,
209 1859 284 1941 qnid
306 1858 421 1935 veiint,
445 1857 491 1918 ref
514 1859 672 1942 impetrare
694 1855 732 1915 ab
753 1855 790 1916 iis
810 1855 952 1940 quioquid
982 1856 1056 1915 veii-

209 1965 299 2022 mus,
322 1943 450 2027 perfecta
473 1942 596 2024 quidem
616 1940 759 2023 sapientia
782 1963 909 2018 snmus,
931 1939 954 2000 si
977 1939 1054 2001 nihii

210 2027 322 2089 habeat
344 2050 389 2088 res
411 2024 495 2088 vitiis
528 2026 580 2086 sed
608 2025 761 2107 loquimur
788 2024 827 2084 de
860 2025 896 2086 iis
927 2024 1054 2101 amieis,

152 2170 157 2185 ,
209 2116 262 2193 qui
285 2126 355 2174 ante
376 2112 478 2173 oculos
499 2124 591 2187 suut,
625 2130 700 2192 quos
737 2108 897 2185 ridemus,
926 2121 980 2180 aut
1015 2108 1055 2170 de

210 2197 321 2275 quibus
354 2197 527 2256 memoriam
561 2195 754 2276 accepimns,
782 2206 834 2253 aut
863 2215 939 2274 quos
971 2194 1055 2253 novit

210 2282 271 2341 rita
293 2281 469 2342 communis.
490 2279 536 2339 Ex
558 2282 615 2341 hoc
640 2298 766 2338 numero
797 2277 882 2338 nobis
915 2279 1054 2359 exempla

211 2365 355 2425 sumenda
377 2376 469 2438 sunt,
491 2377 647 2424 eteorum
670 2361 792 2442 quidem
814 2362 970 2436 maxime,
1000 2361 1054 2442 qui

208 2449 248 2511 ad
264 2447 440 2532 sapientiam
456 2449 590 2531 proxime
606 2444 762 2507 accedunt.
775 2444 921 2506 Videmus
937 2445 1054 2526 Papum

211 2535 384 2597 AEmiiinm
408 2532 442 2592 C.
465 2533 595 2597 Luscino
616 2528 792 2590 familiarem
827 2528 915 2590 fuisse
950 2529 1014 2605 (sic
1036 2551 1055 2589 a

209 2619 347 2703 patribus
368 2616 556 2698 accepimus)
578 2616 625 2676 bis
647 2635 706 2674 una
726 2614 863 2674 consules
876 2627 908 2674 et
926 2612 1055 2694 collegas

212 2704 242 2762 in
266 2723 412 2776 censura,
435 2713 499 2761 tum
520 2715 639 2761 etcum
661 2699 720 2773 iis,
750 2712 781 2758 et
809 2698 886 2760 inter
921 2719 951 2756 se
984 2719 1055 2758 con·

209 2786 408 2847 iunctissimos
430 2784 581 2847 fuisseM.
604 2782 749 2858 Curium,
771 2795 802 2842 et
834 2780 872 2842 T.
900 2781 1054 2842 Corunca-
1092 2839 1095 2846 ,

212 2871 318 2949 nium,
341 2870 501 2931 memoriae
522 2867 673 2952 proditum
693 2879 747 2928 est.
771 2866 866 2949 Igitur
894 2887 933 2926 ne
961 2865 1055 2948 suspi-

184 3022 230 3059 ra
248 2992 418 3072 Deprecari,
436 2984 539 3054 idest'a
556 3017 584 3051 se
602 2998 703 3051 crimen
721 3013 864 3052 removere.

213 3071 229 3123 d
247 3071 354 3124 Nefaria
370 3086 422 3122 von
438 3069 470 3121 C.
490 3068 577 3119 Blasii.

214 3155 229 3190 c
246 3138 327 3211 nuri·
339 3137 522 3191 esteten-satio
532 3132 651 3206 peccati,
662 3132 686 3188 si
699 3132 779 3191 amici
789 3150 881 3196 caussa
897 3131 1055 3204 peccarent
