2359 3567
257 295 313 355 106
444 312 474 352 u.
498 312 525 350 r.
549 310 643 351 crena.
666 311 703 351 nr
726 312 820 354 orric.

209 386 384 459 comparat,
406 395 424 434 a
446 389 558 457 quanto
580 375 682 457 plures
718 375 811 440 deleti
832 375 891 437 sint
925 378 1059 444 homiues

208 461 364 528 hominum
386 457 522 542 impetu,
545 458 623 520 idest
644 460 755 537 bellis,
773 474 826 521 aut
847 460 1058 542 seditionibus,

208 565 299 630 quam
321 544 401 605 omni
423 543 539 625 'reliqua
560 546 738 606 calamitate.
760 547 861 624 Quum
892 547 983 628 igitur
1005 550 1059 610 bic

203 630 291 692 'locus
313 629 388 691 nibil
423 628 534 689 babeat
566 629 783 704 dubitationis,
820 631 891 712 quin
923 633 1059 693 homines

206 715 371 798 plurimum
395 713 566 775 bominibus
587 728 619 775 et
639 716 774 797 prosint,
797 727 827 774 et
848 715 969 792 obsint3
1001 719 1059 799 pri·

178 817 289 864 smum
312 800 368 861 boc
390 812 486 860 statuo
509 822 570 860 csse
592 800 731 876 virtutis,
754 797 913 860 conciliare
944 801 1076 861 animos'

160 925 174 934 ψ
208 885 362 946 homiuum
374 931 383 958 ,
394 898 424 944 ct
436 883 474 943 ad
485 885 487 890 ’
497 906 566 960 usus
588 907 655 945 suos
671 884 841 966 adiungere.
858 885 965 966 ltaque
977 907 1059 967 ‘quae

62 970 69 978 ‘
122 1025 124 1028 ,
207 967 238 1029 in
261 969 349 1029 reb'us
369 968 531 1038 inanimis,
553 992 709 1052 quaequae
731 969 767 1038 in,
786 991 863 1040 usu,
890 981 920 1028 et
951 982 1059 1030 tracta·

209 1054 288 1120 tionc
311 1048 482 1114 belluarum
497 1053 573 1114 liunt
595 1055 708 1116 utiliter
721 1046 758 1112 ad
781 1053 935 1115 bominum
952 1053 1059 1131 sitam,

208 1138 321 1199 artibus
343 1161 378 1199 ea
400 1138 574 1198 tribuuntur
594 1141 747 1222 operosis3
771 1137 926 1197 bominum
959 1144 1059 1199 autem

204 1223 305 1284 ‘studia
318 1221 356 1283 ad
368 1222 630 1306 amplificationem
643 1235 811 1286 nostrarum
823 1243 920 1281 rerum
932 1223 1058 1303 promta,

209 1329 243 1368 ac
263 1320 390 1391 parata,
424 1307 553 1369 virorum
587 1307 799 1391 praestantium
832 1306 1000 1387 sapientia,
1030 1318 1060 1365 et

176 1447 178 1454 .
207 1391 317 1454 rirtute
339 1393 513 1454 excitantur.
536 1393 654 1470 Etenim
676 1393 768 1452 virtus
790 1389 891 1452 omnis,
907 1389 1002 1450 tribus
1028 1390 1059 1450 in

208 1476 297 1537 rebus
320 1478 381 1537 lere
403 1478 420 1536 d
442 1479 588 1551 vertitur,
612 1498 738 1560 quarum
761 1497 820 1536 una
842 1475 932 1548 estin
948 1476 1062 1558 perspi·

209 1561 343 1637 ciendo,
365 1560 437 1644 quid
460 1577 691 1623 consentaneum
713 1561 843 1642 cuique,
867 1558 939 1641 quid
961 1580 1062 1619 couse-

208 1663 329 1726 quens,
349 1667 396 1732 en¹
409 1667 469 1728 quo
493 1647 626 1729 quidque
648 1648 801 1730 gignatur,
817 1665 894 1726 quae
916 1646 1060 1725 cuiusque

204 1731 251 1789 'rei
275 1730 314 1790 sit
335 1741 461 1807 caussa,
485 1730 637 1807 alterum,
669 1730 807 1793 cohibere
836 1740 933 1788 motus
968 1728 1061 1787 animi

207 1814 367 1890 turbatos,
390 1837 464 1898 quos
487 1811 595 1878 Gracci
621 1838 637 1876 c
670 1813 751 1882 aritio
772 1813 944 1888 nominant,
966 1835 1063 1896 appe·¹

207 1899 412 1983 titionesque,
436 1922 509 1983 quas
531 1899 585 1959 illi
600 1894 721 1983 brulis„
743 1897 916 1958 obedientes
945 1897 1065 1957 efficere

206 1985 314 2045 rationi
328 1984 494 2130 &artium
528 1985 584 2062 iis,
612 1982 789 2065 quibuscum
822 1988 1061 2063 congregamur,

129 2083 133 2088 ’
208 2069 256 2129 uti
280 2091 328 2130 mo
351 2085 455 2148 crate,
479 2063 677 2142 etscienter,
700 2087 830 2149 quorum
862 2064 967 2125 studiis
1000 2088 1062 2143 ea,
1100 2121 1103 2126 .

209 2174 287 2234 quac
324 2167 430 2217 natura
462 2153 640 2228 desiderat,
676 2152 820 2236 expleta,
851 2151 1062 2232 cumulataque

162 2267 164 2272 ’
209 2235 396 2311 babeamus3
413 2259 543 2330 percos
565 2237 719 2322 denique,
742 2234 859 2319 si'quid
881 2236 1061 2317 importetur

208 2322 295 2384 nobis
310 2324 518 2401 incommodi,
539 2317 779 2405 dpropulsemus
792 2367 801 2396 ,
823 2320 1062 2401 ulciscamurque

209 2409 282 2483 ins,
305 2408 357 2489 qui
372 2429 479 2469 nocere
494 2409 578 2469 nobis
589 2407 790 2480 conatisunt,
807 2415 948 2485 tantaque
963 2407 1061 2485 poena

209 2492 391 2569 afficiamus,
415 2506 556 2577 quantam
578 2492 733 2574 aequitas,
755 2489 983 2570 humanitasque
1005 2510 1060 2570 pa·

209 2577 291 2637 titur.
313 2575 431 2653 Quibus
452 2591 550 2638 autern
578 2575 744 2638 rationibus
778 2578 854 2637 banc
886 2571 1061 2656 facultatem

209 2663 324 2745 assequi
346 2665 514 2744 possimus,
538 2674 571 2723 ut
592 2660 748 2723 hominum
771 2656 869 2758 studia
882 2657 1062 2739 complecta,

116 2949 122 2956 .
210 2890 364 2956 aPlurima
376 2898 506 2967 pernicies
522 2897 624 2950 bomini
642 2899 675 2949 ab
691 2895 806 2947 bomine.
832 2921 834 2926 ·
871 2920 873 2924 ¹

210 2971 226 3021 b
243 2964 385 3030 Vertitur,
404 2968 557 3033 deponens,
576 2983 625 3032 pro
641 2972 756 3017 seratur.
848 2993 858 2999 »

209 3054 226 3087 e
243 3029 321 3092 melin
341 3054 397 3094 tum
421 3045 546 3105 morbos,
576 3037 632 3093 uim
649 3041 887 3112 'perturbatione8,
912 3046 969 3094 tum
996 3037 1069 3108 affe-³,

244 3110 363 3173 oriones,
381 3108 502 3163 nonnulli
519 3111 654 3180 pastiones
672 3111 814 3170 verterunt·

211 3164 233 3216 d
248 3170 419 3230 Incommode
437 3195 452 3229 a
469 3196 539 3232 casu.
