2359 3567
253 75 311 134 1⁶2
459 94 491 134 rr.
511 93 541 134 r.
562 74 656 135 creon.
680 95 717 136 on
737 96 830 138 orrrc.
876 73 886 121 7·

206 158 278 241 quiq
299 155 422 223 omnino
447 169 532 241 turpe
555 179 616 223 non
640 171 693 220 est.
716 159 776 223 Sed
799 157 943 243 quoniam
965 162 1054 245 operi

206 241 356 316 inchoato,
378 251 408 300 et
428 262 522 326 prope
544 239 604 303 iam
626 238 774 319 absoluto,
792 257 945 326 tamquam
968 241 1053 306 lasti⁴

205 325 284 406 giam
307 325 537 407 nimponimusr
561 337 595 386 ut
616 340 783 408 geometrae
795 326 892 389 solent
905 348 965 387 non
987 350 1053 392 om·

206 409 256 469 nia
290 408 421 488 docere,
451 408 503 472 sed
535 408 711 491 postulare,
746 423 779 473 nt
811 409 960 495 quaedam
996 411 1055 472 sibi

205 490 430 573 concedantur,
463 514 524 579 quo
561 493 698 569 lucilius,
726 514 803 576 quae
827 494 932 556 rolnnt
952 495 1053 578 expli·

205 591 292 655 oeut;
327 577 406 641 bsio
438 601 531 662 egos
563 590 594 641 te
623 576 764 664 postulo,
798 580 841 642 mi
873 576 996 656 Cicero,
1020 593 1056 641 ut
1092 598 1094 605 ’

204 662 279 724 mihi
301 665 444 726 concedas
453 668 477 729 si
504 676 611 750 potes,
634 661 709 724 nibil
743 675 863 747 praeter
892 661 947 739 id,
970 664 1053 746 qood

204 746 365 808 honestum
388 750 449 826 sit,
470 748 502 810 id
535 770 599 809 esse
632 747 760 809 maxime
797 760 924 832 propter
945 767 977 806 se
998 770 1052 808 ex·

136 898 139 903 Q
204 829 394 914 petendum:
416 835 461 894 sin
484 833 540 894 hoc
563 855 623 892 non
646 832 718 893 licet
738 853 792 915 per
814 830 1055 916 Cratippum,at

108 942 113 952 ¹
205 915 281 976 illud
305 929 385 977 certe
406 917 519 993 dabis,
545 915 628 1000 quod
662 919 820 978 honestum
844 916 899 993 sit,
933 914 965 975 id
988 936 1054 979 esse

204 1001 334 1061 maxime
356 1014 480 1086 propter
511 1023 543 1062 se
574 1001 787 1083 expetendum.
811 1000 885 1061 Mihi
907 1000 1055 1064 utrumvis

196 1085 275 1145 'satis
309 1097 389 1161 est3
427 1100 563 1147 etcum
605 1086 662 1147 boe
707 1098 769 1148 tum
809 1084 890 1161 illud
908 1083 1053 1167 probabi-

200 1163 263 1241 lius
285 1160 503 1248 videtur,i1eo
524 1184 677 1254 praetereo
694 1169 859 1252 quidquam
883 1167 1053 1252 probabile.

203 1256 251 1316 Ao
272 1255 401 1336 primum
424 1254 583 1316 Panaetius
605 1255 647 1315 'ln
675 1255 733 1314 hoo
754 1252 961 1315 defendendus
983 1267 1054 1330 est,

189 1339 288 1421 ‚qnod
310 1362 371 1400 non
393 1340 479 1401 utilia
502 1363 569 1401 oum
593 1340 724 1401 honestis
739 1359 871 1421 pugnare
888 1337 1056 1420 aliquando

204 1442 291 1506 posse
312 1423 423 1486 dixerit
445 1425 670 1507 (nequeenim
693 1423 721 1484 ei
744 1421 786 1484 sas
808 1427 894 1502 erat)
918 1422 969 1483 sed
991 1445 1054 1501 ea,

204 1530 283 1590 quae
305 1509 446 1571 videntur
466 1510 561 1570 utilia.
583 1508 665 1572 Nihil
687 1531 756 1570 vero
778 1507 852 1569 utile
896 1506 978 1590 qnod
992 1530 1056 1570 non

205 1591 286 1655 idem
308 1595 489 1671 honestum3
512 1594 588 1654 nihil
611 1595 770 1655 honestum
785 1590 868 1679 quod
889 1614 950 1653 non
973 1590 1055 1658 idem

207 1677 281 1738 utile
303 1679 340 1740 sit
361 1702 449 1763 saepe
472 1692 616 1757 testatur,
639 1691 803 1761 negatque,
825 1670 918 1739 ullam
940 1688 1056 1759 pestem

206 1763 349 1839 maiorem
373 1767 403 1826 in
426 1765 515 1825 vitam
539 1765 693 1826 hominum
716 1763 868 1838 invasisse,
887 1782 977 1844 quam
1000 1784 1055 1823 eo·

206 1839 490 1931 rum'opinionem,
528 1850 587 1931 qui,
609 1849 664 1909 ista
695 1846 904 1910 distraxerint·
923 1846 1052 1928 ltaque,

206 1953 266 1991 non
291 1932 508 2017 utaliquando
531 1947 780 2015 anteponeremus
803 1931 886 1992 utilia
909 1931 1055 2006 honestis,

176 2068 178 2071 .
207 2016 259 2076 sed
282 2030 316 2077 ut
337 2040 374 2079 ea
394 2020 458 2079 sine
480 2041 580 2080 errore
611 2017 861 2091 diiudicarernus,
884 2014 907 2074 si
930 2015 1054 2098 quando

208 2100 402 2180 incidissent,
432 2103 551 2164 induxit
571 2124 660 2178 eam,
683 2123 760 2182 quae
791 2099 942 2161 videretur
963 2122 1053 2176 esse,

208 2209 268 2245 non
291 2209 368 2268 quae
390 2200 490 2265 esset,
513 2184 748 2271 repugnantiam.
771 2185 857 2246 llane
871 2186 961 2269 igitur
982 2207 1053 2270 par-

96 2282 99 2292 '
130 2318 136 2331 .
207 2282 268 2330 tem
301 2271 435 2332 relictam
466 2271 674 2356 explebimus,
712 2270 804 2331 nullis
840 2262 1052 2346 adminiculis,

208 2354 281 2432 ted,
305 2369 338 2416 ut
369 2355 493 2433 dicitur,
528 2380 544 2417 c
579 2356 674 2417 lllarte
702 2367 814 2416 nostro.
847 2354 949 2439 Neque
972 2355 1053 2414 enim

209 2535 405 2616 a'Fnstigium,
436 2525 505 2601 idest
539 2564 669 2600 summam
698 2563 829 2614 manum,
859 2549 893 2599 ab
921 2546 1053 2602 aediliciis

277 2619 432 2697 translatam
445 2637 451 2667 ε
472 2617 571 2697 qqibus
587 2617 713 2685 perlectis
725 2655 733 2681 ,
746 2632 830 2668 conus
847 2615 946 2683 uliquis
963 2617 1052 2684 impo-

277 2693 353 2736 nrtur
369 2698 502 2738 summost

106 2800 109 2809 ,
210 2753 226 2804 d
244 2751 380 2818 Principia
397 2753 480 2818 prims
500 2768 548 2819 per
566 2769 592 2801 se
610 2757 681 2801 nota.

210 2839 227 2873 c
243 2820 329 2872 Marte
358 2828 449 2870 nostro
473 2819 697 2887 proverbialiter,
724 2835 742 2883 ,o
765 2816 859 2868 militia
877 2817 1052 2879 menolatum,

224 2910 229 2917 ν
278 2889 326 2938 uhi
344 2903 393 2936 sno
411 2888 497 2938 Marte
515 2904 570 2939 rem
588 2903 677 2952 gerere
695 2886 868 2947 dicebantur,
898 2885 947 2953 qui
971 2882 1054 2946 nufl'm

278 2952 454 3010 auxiliaribus
472 2954 556 3026 copiis
574 2953 661 3011 adiuti
678 2952 883 3010 committerent.
972 3000 976 3009 ,
