2359 3567
207 136 292 192 am*
450 144 513 192 tn.
535 136 572 193 r?
585 150 746 195 crcrnorrs.

166 236 235 276 casu
256 213 385 279 arbitror
406 215 463 276 boc
484 218 629 277 constanti
651 216 871 302 homini'posse
891 223 1009 283 contin-

166 320 260 380 gere,
282 312 316 358 ut
338 298 403 358 ulla
425 299 602 360 intermissio
625 300 867 363 lintoffieii.1Tu
889 317 1008 384 antem,

165 382 286 458 Fanni,
308 383 360 466 qui
383 384 455 444 mihi
478 392 593 444 tantum
628 385 718 445 tribui
741 386 838 463 dicis,
861 403 1009 470 quantum

167 489 223 550 ego
245 489 300 529 nec
321 488 469 550 agnosco,
492 488 546 528 nec
559 469 712 553 postulo,
733 469 802 531 iacis
820 473 934 533 amice:
958 473 1012 533 sed·

166 566 202 615 ut
222 552 297 625 mihi
328 551 457 628 rideris,
480 558 540 611 non
576 565 656 612 recte
678 553 791 614 iudicas
812 553 850 614 de
872 555 1007 617 Catone:

166 649 219 699 aut
240 636 318 696 enim
342 657 451 710 nemo,
466 634 555 715 'quod
567 635 688 717 quidem
711 639 802 719 magis
823 639 934 716 oredo,
957 644 1010 700 aut

166 722 190 781 oi
212 718 371 803 quisquam
392 719 571 800 ille'mpiens
587 720 653 780 suit.
669 720 831 802 Quomodo
852 724 954 797 enim,
976 736 1010 783 ut

167 805 226 864 alia
261 804 420 880 omittam,
437 804 583 862 'mortem‘
611 802 664 873 filii
688 805 783 866 rutitt
814 806 1009 867 Memineram

169 886 311 971 Paulum,
325 887 457 948 riderem
470 885 606 963 Gallum3
628 886 681 946 sed
703 888 734 948 hi
756 888 786 947 in
808 890 930 972 pueris,
949 888 1008 951 Ca-

159 981 198 1040 ⁸to
219 971 250 1030 in
271 971 420 1052 perlecto,
435 983 466 1030 et
486 983 617 1052 spectato
639 972 712 1032 viro.
735 971 939 1049 Quamobrem
963 968 1012 1055 ca'·¹

166 1054 227 1131 ve,
251 1055 358 1115 Catoni
379 1056 544 1136 unteponns
573 1077 616 1135 ne!
629 1052 721 1117 istum
737 1054 867 1136 quidem
887 1058 1009 1141 ipsum,

167 1161 259 1220 quom
293 1138 405 1221 Apollo
441 1151 473 1199 ut
503 1138 545 1198 ais
578 1161 606 1223 ,⁸³
631 1140 824 1200 lentissimum
857 1134 1013 1203 iudicavirl
1054 1204 1056 1217 ,

166 1222 265 1285 Huius
288 1223 478 1298 eniminum,
494 1161 677 1287 illiussdiera
698 1223 869 1297 laudantur.
892 1227 940 1286 De
962 1248 1010 1285 me

166 1319 266 1367 nutem
291 1309 349 1385 (ut
370 1309 428 1366 ium
451 1327 520 1365 oum
548 1319 678 1389 utroque
700 1309 828 1387 loquar)
852 1311 893 1370 sio
913 1308 1009 1370 habe·
1108 1365 1112 1373 .

168 1403 240 1471 tote.¹
262 1413 281 1451 a
315 1391 398 1473 Ego,
421 1392 445 1451 si
468 1389 615 1472 Scipionis
644 1391 790 1452 desiderio
820 1413 871 1452 me
898 1393 1011 1452 moveri

166 1496 294 1557 negem,
319 1496 411 1556 quum
439 1471 470 1532 id
493 1468 720 1557 re'oteiuc'inm,
741 1473 868 1535 viderint
889 1477 1009 1558 sapien·

96 1588 100 1597 f
168 1568 235 1633 teog
260 1558 311 1618 sed
333 1572 411 1620 certe
433 1553 570 1619 mentiar.
594 1559 714 1620 Moreor
727 1558 816 1618 enim
841 1557 894 1619 tali
915 1561 1017 1620 amim'

167 1642 308 1718 orbatus,
328 1640 464 1726 ¹qualis,⁴
488 1653 542 1716 ut,
573 1642 720 1717 arbitror,
754 1665 842 1703 nemo
876 1636 1012 1726 unquam

167 1728 246 1803 orit,
269 1728 321 1802 et,
355 1739 399 1786 ut
427 1726 604 1785 confirmare
633 1744 776 1809 possum,
810 1749 897 1786 nemo
931 1740 1010 1788 certe

168 1809 234 1871 luit.
257 1811 318 1870 Sed
339 1832 399 1870 non
416 1806 498 1891 ,egeo
520 1808 668 1870 medicina
685 1835 692 1870 :
715 1811 837 1893 meipso
850 1812 1009 1889 consolor,

154 1907 198 1955 et
219 1888 350 1957 minime
384 1895 438 1955 illo
459 1893 590 1970 solatio,
610 1893 696 1976 ⁸quod
718 1917 754 1955 eo
768 1916 874 1967 errore
897 1917 1009 1970 careo,
1051 1906 1062 1919 “

168 2002 228 2061 quo
249 1979 410 2039 amicorum
434 1977 554 2038 decessu
577 1978 714 2059 plerique
736 1979 803 2059 engi
826 1978 932 2040 solent.
955 1978 1010 2039 Ni·
1055 2013 1057 2017 ·

163 2064 316 2125 ¹bilenim
339 2062 417 2123 mali·
433 2062 572 2122 accidisse
595 2062 727 2145 Scipioni
750 2076 843 2144 puto:
867 2064 940 2125 mihi
963 2085 1010 2124 ac-

169 2147 242 2210 cidit
264 2148 287 2206 si
310 2146 514 2230 quidecoidit.
529 2146 598 2206 Suis
620 2160 718 2206 autem
732 2144 926 2207 incommodis
946 2169 1011 2228 grn-v

168 2233 244 2292 riter
266 2232 358 2312 augi,
381 2253 441 2292 non
464 2230 616 2306 amioum,
639 2229 691 2290 sed
713 2253 743 2289 se
764 2230 861 2312 ipsum
884 2231 1009 2290 ornantis

169 2328 223 2376 cst.
248 2315 323 2376 Cum
346 2314 400 2374 illo
424 2336 491 2374 vero
514 2317 581 2396 quis
602 2328 690 2396 neget
710 2326 808 2374 actum
837 2336 898 2373 esse
920 2336 1009 2397 prae·

169 2402 274 2462 clare?
310 2398 372 2462 Nisi
393 2399 493 2472 enim,
526 2399 608 2480 quod
639 2399 692 2458 ille
720 2399 841 2458 minime
861 2399 1009 2481 putabat,

144 2483 150 2492 ⁸
169 2483 422 2546 immortalitatem
445 2496 547 2564 optare
564 2483 671 2557 vellet,
693 2482 765 2563 quid
789 2505 848 2541 non
870 2494 916 2542 est
935 2482 1009 2542 ade·
1047 2482 1055 2497 ’

169 2584 248 2652 ptus,
260 2568 342 2650 quod
363 2566 478 2628 homini
489 2566 531 2626 sas
546 2580 623 2627 esset
637 2580 742 2648 optare
758 2566 772 2631 ‚⁹
787 2567 851 2643 Qui
864 2570 1009 2626 summam

105 2662 110 2667 “
169 2650 258 2735 spem
275 2654 382 2713 civium
401 2673 516 2732 ‚quam
530 2651 568 2711 de
589 2672 626 2710 eo
647 2652 706 2709 iam
727 2672 821 2731 puero
844 2650 1009 2711 habuerant

170 2737 313 2797 continno
335 2735 508 2796 adolescens
529 2733 697 2794 incredibili
711 2735 820 2794 virtute
843 2734 1008 2815 superavit:

169 2820 222 2904 qui
244 2818 430 2881 consulatum
452 2820 543 2901 periit
560 2839 736 2901 nunquam,
759 2816 853 2885 sactus
875 2830 920 2878 est
940 2838 1010 2878 oon·

169 3002 186 3036 a
203 2982 339 3054 Scipionis
355 2985 420 3037 laur.
