2359 3567
139 272 143 277 ‚
198 264 208 272 ,
445 221 503 263 ara.
526 220 560 265 rr.
581 221 644 263 ear.
666 220 735 262 xm.
909 200 968 267 133

88 353 91 358 ,
165 285 259 369 idque
281 283 370 347 etiam
394 282 471 368 reip.
492 297 537 347 est
570 298 746 347 ornamento
783 281 919 345 homines
955 308 1009 347 ex·
1103 302 1108 311 ·

152 386 269 432 ternos
291 372 348 432 hoc
370 367 558 431 liberalitatis
589 391 699 452 genere
731 369 764 429 in
797 369 872 432 urbe
909 384 1012 462 nostga

165 475 344 537 nonegere.
368 451 422 515 Est
441 454 532 515 etiam
555 456 749 515 vehementer
770 453 843 512 utile
865 454 925 528 iis,
957 455 1011 536 qni

166 541 293 601 honeste
315 558 401 622 posse
424 537 551 599 multura
568 537 672 598 volunt
682 581 693 611 ,
715 559 770 620 per
782 537 914 619 hospites
929 538 1013 621 apud

166 636 306 685 externos
328 621 462 704 populos.
478 623 576 682 valere
597 622 722 706 opibus,
738 634 769 680 et
790 624 895 702 gratia.
910 622 1011 683 Theo·
1074 669 1088 677 ,

166 709 307 790 phrastus
335 705 458 787 quidem
490 706 614 783 scribit,
648 727 668 764 α
699 705 854 769 Cimonem
872 700 1014 767 'Athenis
1096 768 1100 773 ,

166 794 258 852 etiam
280 791 311 850 iu
324 811 393 850 suos
407 789 534 851 curiales
549 788 694 851 Laciadas
708 788 886 873 hospitalem
904 788 1011 851 luisse:
1060 800 1066 807 '

165 875 209 936 ita
232 877 315 936 enim
334 875 522 951 instituisse,
544 886 576 934 et
604 873 711 935 villicis
741 874 954 957 imperavisse,
977 887 1012 935 ut

75 1028 82 1049 ι
165 962 267 1020 omnia
303 958 561 1040 praeberentur„
581 959 758 1042 quicunque
795 956 942 1020 Laciades
978 960 1013 1019 ie

166 1043 271 1104 sillam
292 1063 375 1119 snam
398 1041 579 1104 divertisset.

431 1191 613 1256 CAPVT
652 1191 744 1254 XIII.

164 1349 205 1410 Ia
217 1346 314 1406 altero
327 1344 536 1432 beneficentiae
546 1365 676 1426 genere,
690 1324 1011 1426 quodipertsconstat,

139 1445 144 1451 '
236 1431 364 1491 multam
387 1432 489 1490 volere
511 1429 586 1488 iuris
603 1426 822 1509 prudentiam,
843 1427 934 1508 longe

383 1512 550 1596 plurimum
571 1511 785 1594 eloquentiam.

207 1666 293 1743 Quae
315 1678 416 1726 autem
439 1685 552 1747 opera,
581 1685 642 1724 non
675 1661 831 1744 largitione
863 1661 1011 1726 beneficia

164 1749 297 1826 dantur,
320 1751 393 1810 baec
416 1762 479 1808 tum
502 1749 533 1807 in
556 1744 724 1808 universam
753 1747 912 1828 rempub,
947 1754 1013 1809 tum

165 1836 202 1895 in‘
218 1833 353 1914 ‘singulos
374 1833 454 1893 cives
475 1831 680 1893 conseruntur.
702 1831 777 1893 Nam
798 1832 830 1890 in
858 1832 924 1892 iore
957 1854 1009 1892 ea·

164 1941 253 1993 vere,
268 1915 392 1978 consilio
415 1916 536 1992 iurare,
558 1928 649 1998 atque
670 1917 727 1980 hoc
749 1916 888 1975 scientiae
903 1924 1014 1997 genere

163 2002 306 2086 prodesse
327 2022 417 2084 quam
439 1999 598 2082 plurimis,
621 1994 815 2060 vehementer
827 2013 857 2058 et
879 2001 916 2059 ad
938 2023 1012 2084 opes

63 2082 69 2089 ⁴
152 2085 317 2168 ¹augendus
338 2084 492 2169 pertinet,
514 2084 605 2144 etad
627 2085 759 2167 gratiam.
798 2083 918 2164 ltaque
941 2108 1011 2146 cum

165 2172 262 2232 multa
285 2171 439 2252 praeclara
460 2169 630 2246 maiorum,
653 2170 671 2228 b
692 2181 770 2229 tum·
787 2168 868 2249 quod
897 2169 1010 2250 optime
1062 2206 1064 2211 .

107 2300 113 2307 -
166 2255 322 2316 constituti
345 2254 418 2315 iuris
439 2253 535 2313 civilis
557 2274 672 2313 summo
695 2272 811 2332 semper
832 2251 864 2311 in
895 2254 1012 2313 bonore

166 2340 225 2400 suit
247 2338 400 2421 cognitio,
422 2350 513 2418 atque
533 2335 756 2418 interpretatio:
774 2357 865 2416 quam
888 2337 1013 2419 quidem
1046 2340 1049 2348 '

166 2437 238 2483 ante
259 2423 337 2482 bauc
359 2420 562 2482 confusionem
576 2433 645 2501 ¹tem
702 2440 756 2479 um·
777 2421 809 2478 in
827 2422 1010 2502 possessione

167 2527 221 2566 sua
242 2506 392 2589 principes
414 2503 613 2582 retinuerunt.
664 2526 722 2564 unc
742 2517 778 2563 ut
799 2506 945 2582 bonores,
975 2518 1010 2565 ut

166 2612 272 2650 omnes
292 2589 442 2671 dignitatis
457 2588 579 2672 gradus,
594 2587 635 2647 sic
647 2588 736 2648 buius
750 2590 891 2648 scientiae
907 2589 1009 2670 splen·

165 2673 362 2751 dor'deletu's
383 2686 448 2735 est:
471 2671 563 2754 idque
584 2693 621 2730 eo
656 2671 829 2751 indignius,
862 2671 943 2753 qnod
972 2693 1011 2731 eo

165 2770 303 2839 tempore
325 2759 383 2819 boc
404 2757 551 2836 contigit,
574 2775 669 2835 quum
682 2756 706 2815 is
728 2766 821 2832 esset,
839 2758 890 2837 qui
907 2776 1009 2814 omnes

166 2842 357 2927 superiores,
388 2842 500 2925 quibus
526 2841 639 2902 bonore
671 2860 726 2922 par
756 2851 853 2916 esset,
886 2837 1012 2898 scientia

166 3025 185 3059 a
202 3006 328 3061 Cimonis
343 3006 512 3076 hospitalitas
530 3008 559 3058 in
577 3006 748 3058 contribules,
760 3019 828 3055 snos.

120 3154 123 3160 ι
167 3073 183 3126 l
201 3075 361 3161 Antiquitas
380 3077 411 3133 in
427 3076 529 3147 praetio
547 3075 637 3129 babila
654 3070 871 3142 iurisprudeutia.
