2359 3567
376 129 513 181 areius,
536 129 584 168 sur
606 129 642 167 us
663 128 742 168 aure.
878 106 940 167 233

138 188 206 271 estss,
228 191 278 253 setl
314 202 364 250 e'os
399 193 489 252 etiam
523 191 701 272 plerumque
729 188 826 248 efficit
858 210 985 265 caecos,

55 308 59 313 v
138 301 214 359 quos
235 275 393 358 complexa
415 287 458 335 est
471 299 482 333 .·
504 274 604 356 itaque
622 276 670 335 illi
686 274 851 334 efferuntur
866 272 985 339 fastidio

134 363 222 436 iere,
246 373 276 422 et
297 361 505 434 contumacia3
529 380 627 441 neque
643 359 805 440 quicquam
826 357 984 440 insipiente

139 445 301 517 fortunat*
315 440 534 502 intolerabilius
555 443 619 503 fieri
651 454 759 524 potest,
793 441 894 521 Atque
927 440 985 502 boc

141 526 268 608 quidem
288 523 394 599 videre,
407 525 501 602 licet,
523 547 597 602 eos,
626 526 678 608 qui
705 537 794 585 antea
823 522 986 609 commodis

141 612 266 671 suerunt
286 610 443 687 moribus·‚
465 608 618 692 imperio,
645 620 817 692 potestate,
840 608 987 691 prosperis

142 693 233 755 reb'us
254 692 614 775 immutari','speroique
636 694 674 753 ab
702 694 738 754 iis
766 703 878 752 veteres
909 692 985 761 ami-

142 776 250 854 citias,
273 776 430 859 indulgere
452 778 547 838 noris.
568 799 588 835 α
609 777 691 854 Quid
713 788 813 843 autem
847 773 987 852 stultius,

126 879 235 943 'quam
258 882 331 933 cum¹
348 861 515 943 plurimum
527 859 637 942 copiis,
654 858 863 933 facultatibus,
880 851 989 942 opibus

144 943 282 1026 possint,
304 955 404 1014 cetera
423 952 554 1028 parare,
576 966 654 1024 quae
676 957 821 1026 parantur
842 947 989 1026 pecunia,

144 1048 260 1107 equos,
285 1025 427 1105 famulos,
441 1041 550 1089 restem
563 1029 710 1108 egregiam
724 1076 733 1105 ‚
755 1049 822 1089 rasa
843 1028 989 1110 pretiosa3

144 1112 254 1171 amieos
276 1133 337 1171 nou
359 1134 484 1193 parare,
508 1108 673 1192 pptimam,
696 1126 726 1171 et
758 1111 990 1191 pulcherrimam

141 1193 248 1270 ritae,
280 1207 313 1254 ut
347 1194 390 1256 ita
423 1195 544 1281 dicam,
575 1194 837 1277 suppellectilem?
870 1195 992 1255 Etenim

145 1291 245 1348 eetera
266 1299 360 1358 quum
382 1292 512 1361 parant,
533 1278 584 1339 cui
605 1291 731 1358 parent,
755 1277 913 1353 nesciunt,
936 1301 991 1354 nee

34 1394 56 1432 ,-
147 1362 233 1423 euius
261 1382 366 1433 caussa
394 1362 540 1441 laborent.
575 1360 647 1431 Eius
680 1362 759 1421 euim
793 1374 836 1421 est
867 1361 991 1437 istorum

146 1444 304 1527 quidque,
337 1446 391 1526 qui
424 1445 515 1506 riueit
545 1444 682 1522 viribus3
712 1446 909 1507 amicitiarum
938 1467 991 1521 sua

146 1529 255 1609 cuique
276 1528 432 1610 pormauet
454 1529 590 1606 stabilis,
613 1540 644 1605 et
665 1543 745 1589 certa
771 1530 932 1612 possessio:
957 1533 992 1601 ut

147 1611 264 1671 etiamsi
284 1610 338 1672 illa
358 1626 521 1689 maneant,
543 1635 621 1695 quae
643 1626 711 1673 sunt
733 1615 817 1696 quasi
839 1611 990 1674 donator·
1009 1685 1017 1691 .

147 1696 260 1772 tunae3
284 1708 382 1756 tamen
404 1695 539 1769 inculta,
562 1712 593 1758 et
613 1697 729 1757 deserta
750 1698 789 1759 ab
805 1697 908 1775 amicis
931 1719 992 1758 nou
1015 1714 1017 1717 ’

146 1779 240 1860 possit
261 1801 322 1839 esse
344 1779 485 1840 iucunda.
508 1779 566 1854 Sed
590 1781 666 1858 haec
687 1776 842 1841 hacteuus.
869 1781 886 1839 l)
908 1780 990 1840 Coo·

146 1860 290 1921 stitueudi
311 1874 411 1922 autem
433 1876 524 1940 sunt,
547 1865 604 1945 qui
622 1867 733 1943 sintin
753 1863 883 1925 'amicitia
916 1862 994 1937 fines·

147 1954 179 2004 et
200 1946 285 2024 quasi
307 1946 425 2008 termini
446 1942 613 2029 diligendi:
637 1949 674 2008 de
696 1950 803 2031 quihus
824 1961 882 2007 tres
904 1947 991 2008 rideo

48 2093 52 2097 ,
148 2027 310 2087 sententias
329 2030 420 2101 ferri,
443 2052 570 2111 quarum
593 2032 707 2091 nullam
736 2032 854 2113 pr0b03
878 2053 991 2109 unam,

149 2124 184 2172 ut
205 2110 313 2171 eodem
332 2113 421 2173 morlo
443 2137 513 2195 erga
535 2116 663 2175 amicum
677 2115 775 2175 affecti
795 2116 906 2190 simus,
929 2138 991 2197 quo

149 2216 218 2276 erga
240 2198 454 2280 nosmetipsos3
477 2197 625 2274 alteram,
648 2212 681 2258 ut
702 2212 800 2279 nostra
823 2198 852 2260 iu
879 2198 1004 2269 amicos*

149 2277 357 2340 benevolentia
380 2280 502 2345 illorum
521 2303 591 2363 erga
615 2304 668 2340 nos
682 2276 913 2344 ¹benevolentiae
933 2305 989 2366 pa·

149 2361 233 2431 riter,
254 2366 479 2447 aequaliterque
516 2364 717 2447 responclent3
753 2367 892 2443 tertiam,
931 2380 990 2446 ut,

150 2447 255 2524 quanti
277 2447 405 2528 quisque
426 2448 535 2529 seipse
558 2449 650 2524 lacit,
669 2449 743 2510 tanti
755 2450 806 2529 fiat
820 2451 858 2510 ab
879 2449 989 2513 amicis.

123 2604 135 2609 -
148 2528 265 2589 Harum
281 2533 371 2591 trium
386 2531 601 2596 sententiarum
616 2534 691 2593 nulli
703 2555 821 2615 prorsus
832 2534 989 2611 assentior:

139 2608 205 2695 ‘uec
226 2614 305 2675 enim
327 2614 385 2674 illa‘
400 2614 495 2696 prima
515 2636 583 2674 rera
605 2630 669 2692 est,
693 2630 726 2675 ut
741 2616 991 2698 quemadmodum

150 2696 182 2755 in
204 2718 234 2754 sc
256 2698 398 2781 quisque,
413 2698 456 2758 sic
478 2701 509 2758 iu
531 2699 660 2758 amicum
672 2701 708 2760 sit
723 2703 879 2760 animatus.
892 2703 992 2778 Quam

70 2796 74 2803 '
150 2778 347 2844 mutuentur
369 2802 447 2865 quae
469 2796 568 2843 nostra
590 2805 691 2843 caussa
708 2806 860 2864 uunquam
882 2784 991 2843 faeere-

150 2910 168 2946 ι
184 2893 282 2950 Metius
292 2895 506 3015 laudabiliusque
523 2905 564 2952 ast
579 2896 699 2963 αηιὶοοε,Ἰ
717 2915 797 2964 quam
823 2896 929 2947 divitias
945 2913 994 2970 pa-

181 2976 250 3015 rare.
487 2963 545 3039 Qui
562 2965 616 3018 sint
631 2967 663 3022 iu
681 2965 799 3019 amicitia
815 2963 891 3038 iusti
927 3030 932 3043 ι
962 2973 964 2975 ’
