<?xml version="1.0" encoding="UTF-8"?>
<!DOCTYPE html PUBLIC "-//W3C//DTD XHTML 1.0 Transitional//EN"
    "http://www.w3.org/TR/xhtml1/DTD/xhtml1-transitional.dtd">
<html xmlns="http://www.w3.org/1999/xhtml" xml:lang="en" lang="en">
 <head>
  <title>
</title>
<meta http-equiv="Content-Type" content="text/html;charset=utf-8" />
  <meta name='ocr-system' content='tesseract 3.04.00' />
  <meta name='ocr-capabilities' content='ocr_page ocr_carea ocr_par ocr_line ocrx_word'/>
</head>
<body>
  <div class='ocr_page' id='page_1' title='image "./mtulliiciceroni114cicegoog/mtulliiciceroni114cicegoog_0299.png"; bbox 0 0 2359 3567; ppageno 0'>
   <div class='ocr_carea' id='block_1_1' title="bbox 44 278 1032 2986">
    <p class='ocr_par' dir='ltr' id='par_1_1' title="bbox 96 278 964 866">
     <span class='ocr_line' id='line_1_1' title="bbox 99 278 896 361; baseline 0 -20"><span class='ocrx_word' id='word_1_1' title='bbox 99 356 103 361; x_wconf 10' lang='lat' dir='ltr'><em>J</em></span> <span class='ocrx_word' id='word_1_2' title='bbox 434 297 594 345; x_wconf 36' lang='lat' dir='ltr'><strong>*amman</strong></span> <span class='ocrx_word' id='word_1_3' title='bbox 840 278 896 345; x_wconf 74' lang='lat'><strong>321</strong></span> 
     </span>
     <span class='ocr_line' id='line_1_2' title="bbox 96 361 956 437; baseline -0.01 -1"><span class='ocrx_word' id='word_1_4' title='bbox 96 366 279 437; x_wconf 67' lang='lat' dir='ltr'><strong>aestuando</strong></span> <span class='ocrx_word' id='word_1_5' title='bbox 300 376 354 427; x_wconf 82' lang='lat' dir='ltr'><strong>est</strong></span> <span class='ocrx_word' id='word_1_6' title='bbox 376 362 405 425; x_wconf 92' lang='grc' dir='ltr'>Ο</span> <span class='ocrx_word' id='word_1_7' title='bbox 425 366 481 428; x_wconf 88' lang='lat' dir='ltr'><strong>Dii·</strong></span> <span class='ocrx_word' id='word_1_8' title='bbox 497 361 699 427; x_wconf 76' lang='lat' dir='ltr'><strong>immortales!</strong></span> <span class='ocrx_word' id='word_1_9' title='bbox 733 383 794 424; x_wconf 87' lang='lat' dir='ltr'><strong>nou</strong></span> <span class='ocrx_word' id='word_1_10' title='bbox 826 362 956 427; x_wconf 67' lang='lat' dir='ltr'><strong>intelli,</strong></span> 
     </span>
     <span class='ocr_line' id='line_1_3' title="bbox 96 438 945 548; baseline -0.008 -30"><span class='ocrx_word' id='word_1_11' title='bbox 96 469 173 540; x_wconf 70' lang='lat' dir='ltr'><strong>gunt</strong></span> <span class='ocrx_word' id='word_1_12' title='bbox 195 440 331 532; x_wconf 74' lang='lat' dir='ltr'><strong>homines</strong></span> <span class='ocrx_word' id='word_1_13' title='bbox 352 438 443 532; x_wconf 86' lang='lat' dir='ltr'><strong>quam</strong></span> <span class='ocrx_word' id='word_1_14' title='bbox 475 447 761 533; x_wconf 72' lang='lat' dir='ltr'><strong>maguum&#39;teetlgal</strong></span> <span class='ocrx_word' id='word_1_15' title='bbox 783 448 820 509; x_wconf 86' lang='lat' dir='ltr'><strong>sit</strong></span> <span class='ocrx_word' id='word_1_16' title='bbox 851 450 945 548; x_wconf 85' lang='lat' dir='ltr'><strong>parsi·</strong></span> 
     </span>
     <span class='ocr_line' id='line_1_4' title="bbox 99 533 943 617; baseline -0.007 -15"><span class='ocrx_word' id='word_1_17' title='bbox 99 541 222 602; x_wconf 63' lang='lat' dir='ltr'><strong>monia:</strong></span> <span class='ocrx_word' id='word_1_18' title='bbox 236 537 335 597; x_wconf 84' lang='lat' dir='ltr'><strong>Venio</strong></span> <span class='ocrx_word' id='word_1_19' title='bbox 355 536 436 595; x_wconf 89' lang='lat' dir='ltr'><strong>enim</strong></span> <span class='ocrx_word' id='word_1_20' title='bbox 458 536 517 596; x_wconf 89' lang='lat' dir='ltr'><strong>iam</strong></span> <span class='ocrx_word' id='word_1_21' title='bbox 538 535 578 595; x_wconf 86' lang='lat' dir='ltr'><strong>ad</strong></span> <span class='ocrx_word' id='word_1_22' title='bbox 599 546 788 613; x_wconf 16' lang='lat' dir='ltr'><strong>&#39;sumtuososs</strong></span> <span class='ocrx_word' id='word_1_23' title='bbox 806 533 943 617; x_wconf 77' lang='lat' dir='ltr'><strong>relinquo</strong></span> 
     </span>
     <span class='ocr_line' id='line_1_5' title="bbox 99 618 964 703; baseline -0.002 -19"><span class='ocrx_word' id='word_1_24' title='bbox 99 625 191 693; x_wconf 76' lang='lat' dir='ltr'><strong>istum</strong></span> <span class='ocrx_word' id='word_1_25' title='bbox 219 634 442 703; x_wconf 75' lang='lat' dir='ltr'><strong>quaestuosum.</strong></span> <span class='ocrx_word' id='word_1_26' title='bbox 469 619 557 701; x_wconf 86' lang='lat' dir='ltr'><strong>Capit</strong></span> <span class='ocrx_word' id='word_1_27' title='bbox 590 619 643 680; x_wconf 88' lang='lat' dir='ltr'><strong>ille</strong></span> <span class='ocrx_word' id='word_1_28' title='bbox 664 638 704 681; x_wconf 79' lang='lat' dir='ltr'><strong>en</strong></span> <span class='ocrx_word' id='word_1_29' title='bbox 735 618 964 699; x_wconf 76' lang='lat' dir='ltr'><strong>suispraediie·</strong></span> 
     </span>
     <span class='ocr_line' id='line_1_6' title="bbox 97 702 942 793; baseline -0.001 -24"><span class='ocrx_word' id='word_1_30' title='bbox 97 718 238 770; x_wconf 74' lang='lat' dir='ltr'><strong>sexcenta</strong></span> <span class='ocrx_word' id='word_1_31' title='bbox 275 704 432 778; x_wconf 78' lang='lat' dir='ltr'><strong>sextertia3</strong></span> <span class='ocrx_word' id='word_1_32' title='bbox 469 725 522 784; x_wconf 74' lang='lat' dir='ltr'><strong>ego</strong></span> <span class='ocrx_word' id='word_1_33' title='bbox 551 714 677 793; x_wconf 71' lang='lat' dir='ltr'><strong>centena</strong></span> <span class='ocrx_word' id='word_1_34' title='bbox 711 724 750 762; x_wconf 81' lang='lat' dir='ltr'><strong>en</strong></span> <span class='ocrx_word' id='word_1_35' title='bbox 777 702 865 778; x_wconf 80' lang='lat' dir='ltr'><strong>meis,</strong></span> <span class='ocrx_word' id='word_1_36' title='bbox 895 703 942 768; x_wconf 92' lang='lat' dir='ltr'><strong>illi</strong></span> 
     </span>
     <span class='ocr_line' id='line_1_7' title="bbox 96 785 942 866; baseline -0.005 -12"><span class='ocrx_word' id='word_1_37' title='bbox 96 804 203 853; x_wconf 83' lang='lat' dir='ltr'><strong>aurata</strong></span> <span class='ocrx_word' id='word_1_38' title='bbox 226 801 301 850; x_wconf 82' lang='lat' dir='ltr'><strong>tecta</strong></span> <span class='ocrx_word' id='word_1_39' title='bbox 324 789 359 848; x_wconf 68' lang='lat' dir='ltr'><strong>iu⁴</strong></span> <span class='ocrx_word' id='word_1_40' title='bbox 379 787 477 861; x_wconf 76' lang='lat' dir='ltr'><strong>villis,</strong></span> <span class='ocrx_word' id='word_1_41' title='bbox 491 800 522 848; x_wconf 87' lang='lat' dir='ltr'><strong>et</strong></span> <span class='ocrx_word' id='word_1_42' title='bbox 542 789 606 848; x_wconf 89' lang='lat' dir='ltr'><strong>sola</strong></span> <span class='ocrx_word' id='word_1_43' title='bbox 622 807 787 854; x_wconf 74' lang='lat' dir='ltr'><strong>marmorea</strong></span> <span class='ocrx_word' id='word_1_44' title='bbox 802 785 942 866; x_wconf 76' lang='lat' dir='ltr'><strong>facienti,</strong></span> 
     </span>
    </p>

    <p class='ocr_par' dir='ltr' id='par_1_2' title="bbox 90 871 1032 1463">
     <span class='ocr_line' id='line_1_8' title="bbox 96 871 955 955; baseline 0.001 -20"><span class='ocrx_word' id='word_1_45' title='bbox 96 887 132 941; x_wconf 82' lang='lat' dir='ltr'><strong>et</strong></span> <span class='ocrx_word' id='word_1_46' title='bbox 149 877 230 955; x_wconf 81' lang='lat' dir='ltr'><strong>signa</strong></span> <span class='ocrx_word' id='word_1_47' title='bbox 245 919 255 949; x_wconf 86' lang='lat'><strong><em>,</em></strong></span> <span class='ocrx_word' id='word_1_48' title='bbox 270 871 406 947; x_wconf 82' lang='lat' dir='ltr'><strong>tabulas,</strong></span> <span class='ocrx_word' id='word_1_49' title='bbox 419 871 671 955; x_wconf 79' lang='lat' dir='ltr'><strong>suppellectilem,</strong></span> <span class='ocrx_word' id='word_1_50' title='bbox 695 884 805 933; x_wconf 80' lang='lat' dir='ltr'><strong>vestem</strong></span> <span class='ocrx_word' id='word_1_51' title='bbox 827 871 955 936; x_wconf 79' lang='lat' dir='ltr'><strong>infinite-</strong></span> 
     </span>
     <span class='ocr_line' id='line_1_9' title="bbox 96 953 957 1043; baseline 0 -22"><span class='ocrx_word' id='word_1_52' title='bbox 96 957 321 1043; x_wconf 82' lang='lat' dir='ltr'><strong>eouoopisoenti</strong></span> <span class='ocrx_word' id='word_1_53' title='bbox 347 976 409 1015; x_wconf 88' lang='lat' dir='ltr'><strong>nou</strong></span> <span class='ocrx_word' id='word_1_54' title='bbox 437 956 527 1016; x_wconf 78' lang='lat' dir='ltr'><strong>modo</strong></span> <span class='ocrx_word' id='word_1_55' title='bbox 568 956 608 1038; x_wconf 77' lang='lat' dir='ltr'><strong>ad</strong></span> <span class='ocrx_word' id='word_1_56' title='bbox 641 953 774 1019; x_wconf 73' lang='lat' dir='ltr'><strong>sinotum</strong></span> <span class='ocrx_word' id='word_1_57' title='bbox 809 956 863 1017; x_wconf 88' lang='lat' dir='ltr'><strong>ille</strong></span> <span class='ocrx_word' id='word_1_58' title='bbox 897 972 957 1021; x_wconf 77' lang='lat' dir='ltr'><strong>est</strong></span> 
     </span>
     <span class='ocr_line' id='line_1_10' title="bbox 94 1039 956 1126; baseline 0.005 -24"><span class='ocrx_word' id='word_1_59' title='bbox 94 1056 247 1126; x_wconf 87' lang='lat' dir='ltr'><strong>sumptus,</strong></span> <span class='ocrx_word' id='word_1_60' title='bbox 271 1040 435 1101; x_wconf 84' lang='lat' dir='ltr'><strong>sedetiam</strong></span> <span class='ocrx_word' id='word_1_61' title='bbox 458 1039 496 1100; x_wconf 78' lang='lat' dir='ltr'><strong>atl</strong></span> <span class='ocrx_word' id='word_1_62' title='bbox 520 1040 624 1102; x_wconf 84' lang='lat' dir='ltr'><strong>foenus</strong></span> <span class='ocrx_word' id='word_1_63' title='bbox 647 1040 784 1123; x_wconf 80' lang='lat' dir='ltr'><strong>exiguus.</strong></span> <span class='ocrx_word' id='word_1_64' title='bbox 806 1039 853 1104; x_wconf 80' lang='lat' dir='ltr'><strong>En</strong></span> <span class='ocrx_word' id='word_1_65' title='bbox 874 1063 956 1111; x_wconf 76' lang='lat' dir='ltr'><strong>meo,</strong></span> 
     </span>
     <span class='ocr_line' id='line_1_11' title="bbox 94 1124 941 1210; baseline 0 -22"><span class='ocrx_word' id='word_1_66' title='bbox 94 1128 179 1188; x_wconf 87' lang='lat' dir='ltr'><strong>tenui</strong></span> <span class='ocrx_word' id='word_1_67' title='bbox 201 1126 359 1210; x_wconf 72' lang='lat' dir='ltr'><strong>vectigali,</strong></span> <span class='ocrx_word' id='word_1_68' title='bbox 381 1124 523 1187; x_wconf 81' lang='lat' dir='ltr'><strong>detractis</strong></span> <span class='ocrx_word' id='word_1_69' title='bbox 559 1145 623 1187; x_wconf 85' lang='lat' dir='ltr'><strong>sum</strong></span> <span class='ocrx_word' id='word_1_70' title='bbox 648 1126 726 1187; x_wconf 88' lang='lat' dir='ltr'><strong>tibus</strong></span> <span class='ocrx_word' id='word_1_71' title='bbox 751 1147 789 1187; x_wconf 85' lang='lat' dir='ltr'><strong>eu</strong></span> <span class='ocrx_word' id='word_1_72' title='bbox 812 1124 941 1203; x_wconf 81' lang='lat' dir='ltr'><strong>&#39;ditatis‚</strong></span> 
     </span>
     <span class='ocr_line' id='line_1_12' title="bbox 93 1209 1032 1294; baseline -0.002 -21"><span class='ocrx_word' id='word_1_73' title='bbox 93 1211 213 1294; x_wconf 83' lang='lat' dir='ltr'><strong>aliquid</strong></span> <span class='ocrx_word' id='word_1_74' title='bbox 236 1212 327 1272; x_wconf 83' lang='lat' dir='ltr'><strong>etiam</strong></span> <span class='ocrx_word' id='word_1_75' title='bbox 350 1209 539 1271; x_wconf 60' lang='lat' dir='ltr'><strong>adnotabit</strong></span> <span class='ocrx_word' id='word_1_76' title='bbox 560 1231 580 1270; x_wconf 88' lang='lat' dir='ltr'><strong>a</strong></span> <span class='ocrx_word' id='word_1_77' title='bbox 635 1221 679 1270; x_wconf 84' lang='lat' dir='ltr'><strong>ter</strong></span> <span class='ocrx_word' id='word_1_78' title='bbox 698 1210 708 1270; x_wconf 86' lang='lat' dir='ltr'>i</span> <span class='ocrx_word' id='word_1_79' title='bbox 729 1210 790 1269; x_wconf 83' lang='lat' dir='ltr'><strong>&#39;tur</strong></span> <span class='ocrx_word' id='word_1_80' title='bbox 820 1222 867 1271; x_wconf 85' lang='lat' dir='ltr'><strong>est</strong></span> <span class='ocrx_word' id='word_1_81' title='bbox 891 1212 941 1275; x_wconf 84' lang='lat' dir='ltr'><strong>tli-</strong></span> <span class='ocrx_word' id='word_1_82' title='bbox 1027 1262 1032 1271; x_wconf 89' lang='lat'><strong>.</strong></span> 
     </span>
     <span class='ocr_line' id='line_1_13' title="bbox 92 1231 942 1376; baseline 0.002 -19"><span class='ocrx_word' id='word_1_83' title='bbox 92 1297 178 1371; x_wconf 80' lang='lat' dir='ltr'><strong>tior3</strong></span> <span class='ocrx_word' id='word_1_84' title='bbox 201 1297 249 1357; x_wconf 88' lang='lat' dir='ltr'><strong>cui</strong></span> <span class='ocrx_word' id='word_1_85' title='bbox 272 1294 380 1369; x_wconf 78' lang='lat' dir='ltr'><strong>deest,</strong></span> <span class='ocrx_word' id='word_1_86' title='bbox 400 1318 439 1356; x_wconf 88' lang='lat' dir='ltr'><strong>an</strong></span> <span class='ocrx_word' id='word_1_87' title='bbox 462 1294 510 1354; x_wconf 90' lang='lat' dir='ltr'><strong>oui</strong></span> <span class='ocrx_word' id='word_1_88' title='bbox 531 1307 664 1375; x_wconf 86' lang='lat' dir='ltr'><strong>superat</strong></span> <span class='ocrx_word' id='word_1_89' title='bbox 679 1293 694 1353; x_wconf 72' lang='lat' dir='ltr'><strong>l</strong></span> <span class='ocrx_word' id='word_1_90' title='bbox 710 1231 778 1372; x_wconf 48' lang='lat' dir='ltr'><strong>ilai</strong></span> <span class='ocrx_word' id='word_1_91' title='bbox 800 1308 882 1376; x_wconf 76' lang='lat' dir='ltr'><strong>eget,</strong></span> <span class='ocrx_word' id='word_1_92' title='bbox 903 1320 942 1358; x_wconf 89' lang='lat' dir='ltr'><strong>au</strong></span> 
     </span>
     <span class='ocr_line' id='line_1_14' title="bbox 90 1377 940 1463; baseline 0.001 -23"><span class='ocrx_word' id='word_1_93' title='bbox 90 1379 152 1463; x_wconf 88' lang='lat' dir='ltr'><strong>qui</strong></span> <span class='ocrx_word' id='word_1_94' title='bbox 174 1378 331 1441; x_wconf 84' lang='lat' dir='ltr'><strong>abundat?</strong></span> <span class='ocrx_word' id='word_1_95' title='bbox 354 1377 446 1441; x_wconf 79' lang='lat' dir='ltr'><strong>Cuius</strong></span> <span class='ocrx_word' id='word_1_96' title='bbox 474 1377 643 1461; x_wconf 82' lang='lat' dir='ltr'><strong>possessio,</strong></span> <span class='ocrx_word' id='word_1_97' title='bbox 673 1399 735 1460; x_wconf 84' lang='lat' dir='ltr'><strong>quo</strong></span> <span class='ocrx_word' id='word_1_98' title='bbox 757 1390 803 1438; x_wconf 90' lang='lat' dir='ltr'><strong>est</strong></span> <span class='ocrx_word' id='word_1_99' title='bbox 824 1380 940 1459; x_wconf 82' lang='lat' dir='ltr'><strong>maiar3</strong></span> 
     </span>
    </p>

    <p class='ocr_par' dir='ltr' id='par_1_3' title="bbox 89 1454 950 1547">
     <span class='ocr_line' id='line_1_15' title="bbox 89 1454 950 1547; baseline 0.001 -23"><span class='ocrx_word' id='word_1_100' title='bbox 89 1487 134 1524; x_wconf 85' lang='lat' dir='ltr'><strong>eo</strong></span> <span class='ocrx_word' id='word_1_101' title='bbox 157 1454 225 1547; x_wconf 86' lang='lat' dir='ltr'><strong>plus</strong></span> <span class='ocrx_word' id='word_1_102' title='bbox 241 1456 373 1547; x_wconf 59' lang='lat' dir='ltr'><strong>nequiuit</strong></span> <span class='ocrx_word' id='word_1_103' title='bbox 385 1460 429 1523; x_wconf 65' lang='lat' dir='ltr'><strong>&#39;ad</strong></span> <span class='ocrx_word' id='word_1_104' title='bbox 453 1483 483 1522; x_wconf 90' lang='lat' dir='ltr'><strong>se</strong></span> <span class='ocrx_word' id='word_1_105' title='bbox 512 1463 653 1524; x_wconf 86' lang='lat' dir='ltr'><strong>tuendam</strong></span> <span class='ocrx_word' id='word_1_106' title='bbox 668 1484 676 1522; x_wconf 76' lang='grc' dir='ltr'><strong>ε</strong></span> <span class='ocrx_word' id='word_1_107' title='bbox 710 1483 747 1522; x_wconf 86' lang='lat' dir='ltr'><strong>aa</strong></span> <span class='ocrx_word' id='word_1_108' title='bbox 762 1476 766 1483; x_wconf 90' lang='grc'>’</span> <span class='ocrx_word' id='word_1_109' title='bbox 783 1485 862 1545; x_wconf 87' lang='lat' dir='ltr'><strong>quae</strong></span> <span class='ocrx_word' id='word_1_110' title='bbox 883 1465 950 1527; x_wconf 75' lang='lat' dir='ltr'><strong>suis]</strong></span> 
     </span>
    </p>

    <p class='ocr_par' dir='ltr' id='par_1_4' title="bbox 89 1546 941 1630">
     <span class='ocr_line' id='line_1_16' title="bbox 89 1546 941 1630; baseline 0.002 -21"><span class='ocrx_word' id='word_1_111' title='bbox 89 1571 128 1609; x_wconf 89' lang='lat' dir='ltr'><strong>se</strong></span> <span class='ocrx_word' id='word_1_112' title='bbox 151 1549 261 1609; x_wconf 80' lang='lat' dir='ltr'><strong>viribus</strong></span> <span class='ocrx_word' id='word_1_113' title='bbox 283 1548 437 1608; x_wconf 81' lang='lat' dir='ltr'><strong>sustinet?</strong></span> <span class='ocrx_word' id='word_1_114' title='bbox 457 1546 516 1608; x_wconf 78' lang='lat' dir='ltr'><strong>sed</strong></span> <span class='ocrx_word' id='word_1_115' title='bbox 538 1546 613 1630; x_wconf 87' lang='lat' dir='ltr'><strong>quid</strong></span> <span class='ocrx_word' id='word_1_116' title='bbox 629 1568 683 1629; x_wconf 83' lang='lat' dir='ltr'><strong>ego</strong></span> <span class='ocrx_word' id='word_1_117' title='bbox 699 1548 738 1607; x_wconf 79' lang='lat' dir='ltr'><strong>tle</strong></span> <span class='ocrx_word' id='word_1_118' title='bbox 755 1568 802 1606; x_wconf 83' lang='lat' dir='ltr'><strong>me</strong></span> <span class='ocrx_word' id='word_1_119' title='bbox 823 1546 941 1630; x_wconf 82' lang='lat' dir='ltr'><strong>loquor,</strong></span> 
     </span>
    </p>

    <p class='ocr_par' dir='ltr' id='par_1_5' title="bbox 86 1631 1025 1800">
     <span class='ocr_line' id='line_1_17' title="bbox 88 1631 942 1716; baseline 0.005 -24"><span class='ocrx_word' id='word_1_120' title='bbox 88 1632 150 1716; x_wconf 86' lang='lat' dir='ltr'><strong>qui</strong></span> <span class='ocrx_word' id='word_1_121' title='bbox 173 1653 308 1708; x_wconf 87' lang='lat' dir='ltr'><strong>morum,</strong></span> <span class='ocrx_word' id='word_1_122' title='bbox 319 1653 354 1692; x_wconf 85' lang='lat' dir='ltr'><strong>ac</strong></span> <span class='ocrx_word' id='word_1_123' title='bbox 377 1644 545 1713; x_wconf 86' lang='lat' dir='ltr'><strong>temporum</strong></span> <span class='ocrx_word' id='word_1_124' title='bbox 561 1631 634 1692; x_wconf 73' lang='lat' dir='ltr'><strong>vitio</strong></span> <span class='ocrx_word' id='word_1_125' title='bbox 649 1632 838 1713; x_wconf 85' lang='lat' dir='ltr'><strong>aliquantum</strong></span> <span class='ocrx_word' id='word_1_126' title='bbox 850 1634 942 1696; x_wconf 88' lang='lat' dir='ltr'><strong>etiam</strong></span> 
     </span>
     <span class='ocr_line' id='line_1_18' title="bbox 86 1716 1025 1800; baseline 0.004 -22"><span class='ocrx_word' id='word_1_127' title='bbox 86 1718 159 1800; x_wconf 89' lang='lat' dir='ltr'><strong>ipse</strong></span> <span class='ocrx_word' id='word_1_128' title='bbox 182 1716 306 1778; x_wconf 85' lang='lat' dir='ltr'><strong>sortasse</strong></span> <span class='ocrx_word' id='word_1_129' title='bbox 334 1716 365 1775; x_wconf 91' lang='lat' dir='ltr'><strong>iu</strong></span> <span class='ocrx_word' id='word_1_130' title='bbox 388 1716 476 1778; x_wconf 79' lang='lat' dir='ltr'><strong>huius</strong></span> <span class='ocrx_word' id='word_1_131' title='bbox 503 1716 597 1776; x_wconf 83' lang='lat' dir='ltr'><strong>seculi</strong></span> <span class='ocrx_word' id='word_1_132' title='bbox 629 1738 733 1778; x_wconf 82' lang='lat' dir='ltr'><strong>errore</strong></span> <span class='ocrx_word' id='word_1_133' title='bbox 754 1717 880 1778; x_wconf 79' lang='lat' dir='ltr'><strong>verser?</strong></span> <span class='ocrx_word' id='word_1_134' title='bbox 900 1719 939 1782; x_wconf 91' lang='grc' dir='ltr'><strong>Μ.</strong></span> <span class='ocrx_word' id='word_1_135' title='bbox 1023 1744 1025 1748; x_wconf 93' lang='grc'><em>·</em></span> 
     </span>
    </p>

    <p class='ocr_par' dir='ltr' id='par_1_6' title="bbox 81 1799 1018 2307">
     <span class='ocr_line' id='line_1_19' title="bbox 85 1799 942 1884; baseline 0 -20"><span class='ocrx_word' id='word_1_136' title='bbox 85 1800 233 1864; x_wconf 80' lang='lat' dir='ltr'><strong>Manilius</strong></span> <span class='ocrx_word' id='word_1_137' title='bbox 267 1799 387 1884; x_wconf 86' lang='lat' dir='ltr'><strong>patrum</strong></span> <span class='ocrx_word' id='word_1_138' title='bbox 420 1812 592 1862; x_wconf 81' lang='lat' dir='ltr'><strong>nostrorum</strong></span> <span class='ocrx_word' id='word_1_139' title='bbox 622 1800 765 1863; x_wconf 82' lang='lat' dir='ltr'><strong>memoria</strong></span> <span class='ocrx_word' id='word_1_140' title='bbox 784 1806 844 1879; x_wconf 88' lang='lat' dir='ltr'><strong>(ne</strong></span> <span class='ocrx_word' id='word_1_141' title='bbox 864 1824 942 1864; x_wconf 87' lang='lat' dir='ltr'><strong>sem·</strong></span> 
     </span>
     <span class='ocr_line' id='line_1_20' title="bbox 86 1883 942 1968; baseline 0.004 -23"><span class='ocrx_word' id='word_1_142' title='bbox 86 1907 148 1968; x_wconf 87' lang='lat' dir='ltr'><strong>pet·</strong></span> <span class='ocrx_word' id='word_1_143' title='bbox 169 1884 292 1962; x_wconf 82' lang='lat' dir='ltr'><strong>Curios,</strong></span> <span class='ocrx_word' id='word_1_144' title='bbox 315 1897 346 1945; x_wconf 87' lang='lat' dir='ltr'><strong>et</strong></span> <span class='ocrx_word' id='word_1_145' title='bbox 366 1883 510 1946; x_wconf 81' lang='lat' dir='ltr'><strong>Luscinos</strong></span> <span class='ocrx_word' id='word_1_146' title='bbox 532 1886 711 1966; x_wconf 79' lang='lat' dir='ltr'><strong>loquamur)</strong></span> <span class='ocrx_word' id='word_1_147' title='bbox 735 1907 849 1968; x_wconf 80' lang='lat' dir='ltr'><strong>pauper</strong></span> <span class='ocrx_word' id='word_1_148' title='bbox 879 1900 942 1948; x_wconf 86' lang='lat' dir='ltr'><strong>tan·</strong></span> 
     </span>
     <span class='ocr_line' id='line_1_21' title="bbox 89 1968 942 2046; baseline 0.008 -19"><span class='ocrx_word' id='word_1_149' title='bbox 89 1969 164 2028; x_wconf 90' lang='lat' dir='ltr'><strong>dem</strong></span> <span class='ocrx_word' id='word_1_150' title='bbox 187 1969 267 2030; x_wconf 84' lang='lat' dir='ltr'><strong>luit:</strong></span> <span class='ocrx_word' id='word_1_151' title='bbox 291 1968 397 2030; x_wconf 84' lang='lat' dir='ltr'><strong>habuit</strong></span> <span class='ocrx_word' id='word_1_152' title='bbox 419 1969 500 2031; x_wconf 86' lang='lat' dir='ltr'><strong>euim</strong></span> <span class='ocrx_word' id='word_1_153' title='bbox 523 1969 677 2029; x_wconf 82' lang='lat' dir='ltr'><strong>aediculas</strong></span> <span class='ocrx_word' id='word_1_154' title='bbox 698 1968 729 2028; x_wconf 89' lang='lat' dir='ltr'><strong>iu</strong></span> <span class='ocrx_word' id='word_1_155' title='bbox 751 1970 888 2046; x_wconf 73' lang='lat' dir='ltr'><strong>Carinis,</strong></span> <span class='ocrx_word' id='word_1_156' title='bbox 911 1984 942 2034; x_wconf 86' lang='lat' dir='ltr'><strong>et</strong></span> 
     </span>
     <span class='ocr_line' id='line_1_22' title="bbox 81 2051 1018 2140; baseline 0.001 -26"><span class='ocrx_word' id='word_1_157' title='bbox 81 2051 225 2114; x_wconf 74' lang='lat' dir='ltr'><strong>&#39;fundum</strong></span> <span class='ocrx_word' id='word_1_158' title='bbox 247 2053 277 2115; x_wconf 89' lang='lat' dir='ltr'><strong>in</strong></span> <span class='ocrx_word' id='word_1_159' title='bbox 305 2052 479 2115; x_wconf 83' lang='lat' dir='ltr'><strong>Labicano:</strong></span> <span class='ocrx_word' id='word_1_160' title='bbox 510 2074 563 2112; x_wconf 87' lang='lat' dir='ltr'><strong>nos</strong></span> <span class='ocrx_word' id='word_1_161' title='bbox 600 2053 692 2135; x_wconf 83' lang='lat' dir='ltr'><strong>igitur</strong></span> <span class='ocrx_word' id='word_1_162' title='bbox 720 2051 863 2132; x_wconf 86' lang='lat' dir='ltr'><strong>ditiores,</strong></span> <span class='ocrx_word' id='word_1_163' title='bbox 886 2058 941 2140; x_wconf 88' lang='lat' dir='ltr'><strong>qui</strong></span> <span class='ocrx_word' id='word_1_164' title='bbox 1013 2108 1018 2115; x_wconf 88' lang='lat'>.</span> 
     </span>
     <span class='ocr_line' id='line_1_23' title="bbox 90 2135 941 2224; baseline 0.009 -29"><span class='ocrx_word' id='word_1_165' title='bbox 90 2138 184 2219; x_wconf 78' lang='lat' dir='ltr'><strong>plora</strong></span> <span class='ocrx_word' id='word_1_166' title='bbox 215 2137 421 2199; x_wconf 82' lang='lat' dir='ltr'><strong>habemus?b</strong></span> <span class='ocrx_word' id='word_1_167' title='bbox 454 2135 576 2198; x_wconf 84' lang='lat' dir='ltr'><strong>Vtinam</strong></span> <span class='ocrx_word' id='word_1_168' title='bbox 624 2137 773 2221; x_wconf 73' lang='lat' dir='ltr'><strong>quitiam:</strong></span> <span class='ocrx_word' id='word_1_169' title='bbox 803 2140 854 2224; x_wconf 81' lang='lat' dir='ltr'><strong>sed</strong></span> <span class='ocrx_word' id='word_1_170' title='bbox 880 2162 941 2204; x_wconf 83' lang='lat' dir='ltr'><strong>nan</strong></span> 
     </span>
     <span class='ocr_line' id='line_1_24' title="bbox 92 2218 942 2307; baseline 0.008 -27"><span class='ocrx_word' id='word_1_171' title='bbox 92 2220 305 2283; x_wconf 82' lang='lat' dir='ltr'><strong>aestimatione</strong></span> <span class='ocrx_word' id='word_1_172' title='bbox 327 2242 451 2282; x_wconf 86' lang='lat' dir='ltr'><strong>census:</strong></span> <span class='ocrx_word' id='word_1_173' title='bbox 480 2218 585 2281; x_wconf 76' lang='lat' dir='ltr'><strong>serum</strong></span> <span class='ocrx_word' id='word_1_174' title='bbox 606 2224 708 2300; x_wconf 81' lang='lat' dir='ltr'><strong>victu,</strong></span> <span class='ocrx_word' id='word_1_175' title='bbox 744 2234 835 2307; x_wconf 86' lang='lat' dir='ltr'><strong>atque</strong></span> <span class='ocrx_word' id='word_1_176' title='bbox 855 2225 942 2287; x_wconf 85' lang='lat' dir='ltr'><strong>cultu</strong></span> 
     </span>
    </p>

    <p class='ocr_par' dir='ltr' id='par_1_7' title="bbox 44 2305 950 2538">
     <span class='ocr_line' id='line_1_25' title="bbox 44 2305 950 2392; baseline 0.007 -29"><span class='ocrx_word' id='word_1_177' title='bbox 44 2382 48 2387; x_wconf 12' lang='grc' dir='ltr'><strong><em>ἢ</em></strong></span> <span class='ocrx_word' id='word_1_178' title='bbox 95 2305 277 2365; x_wconf 82' lang='lat' dir='ltr'><strong>terminatur</strong></span> <span class='ocrx_word' id='word_1_179' title='bbox 304 2308 450 2387; x_wconf 87' lang='lat' dir='ltr'><strong>pecuniae</strong></span> <span class='ocrx_word' id='word_1_180' title='bbox 471 2305 588 2366; x_wconf 84' lang='lat' dir='ltr'><strong>modus.</strong></span> <span class='ocrx_word' id='word_1_181' title='bbox 623 2305 690 2369; x_wconf 83' lang='lat' dir='ltr'><strong>Nou</strong></span> <span class='ocrx_word' id='word_1_182' title='bbox 711 2329 774 2370; x_wconf 84' lang='lat' dir='ltr'><strong>esse</strong></span> <span class='ocrx_word' id='word_1_183' title='bbox 796 2309 950 2392; x_wconf 67' lang='lat' dir='ltr'><strong>cupidum?</strong></span> 
     </span>
     <span class='ocr_line' id='line_1_26' title="bbox 95 2391 942 2474; baseline 0.004 -25"><span class='ocrx_word' id='word_1_184' title='bbox 95 2391 226 2472; x_wconf 87' lang='lat' dir='ltr'><strong>pecunia</strong></span> <span class='ocrx_word' id='word_1_185' title='bbox 250 2401 310 2450; x_wconf 82' lang='lat' dir='ltr'><strong>est:</strong></span> <span class='ocrx_word' id='word_1_186' title='bbox 323 2412 384 2451; x_wconf 91' lang='lat' dir='ltr'><strong>uon</strong></span> <span class='ocrx_word' id='word_1_187' title='bbox 405 2413 466 2450; x_wconf 87' lang='lat' dir='ltr'><strong>esse</strong></span> <span class='ocrx_word' id='word_1_188' title='bbox 488 2413 621 2452; x_wconf 78' lang='lat' dir='ltr'><strong>emacem</strong></span> <span class='ocrx_word' id='word_1_189' title='bbox 643 2395 766 2474; x_wconf 84' lang='lat' dir='ltr'><strong>vectigal</strong></span> <span class='ocrx_word' id='word_1_190' title='bbox 787 2406 848 2453; x_wconf 84' lang='lat' dir='ltr'><strong>est:</strong></span> <span class='ocrx_word' id='word_1_191' title='bbox 872 2414 942 2452; x_wconf 87' lang='lat' dir='ltr'><strong>eon·</strong></span> 
     </span>
     <span class='ocr_line' id='line_1_27' title="bbox 93 2474 939 2538; baseline 0.004 -5"><span class='ocrx_word' id='word_1_192' title='bbox 93 2484 210 2533; x_wconf 88' lang='lat' dir='ltr'><strong>tentum</strong></span> <span class='ocrx_word' id='word_1_193' title='bbox 232 2494 302 2533; x_wconf 79' lang='lat' dir='ltr'><strong>vero</strong></span> <span class='ocrx_word' id='word_1_194' title='bbox 322 2474 382 2535; x_wconf 88' lang='lat' dir='ltr'><strong>suis</strong></span> <span class='ocrx_word' id='word_1_195' title='bbox 403 2475 493 2536; x_wconf 86' lang='lat' dir='ltr'><strong>rebus</strong></span> <span class='ocrx_word' id='word_1_196' title='bbox 513 2496 576 2535; x_wconf 83' lang='lat' dir='ltr'><strong>esse</strong></span> <span class='ocrx_word' id='word_1_197' title='bbox 591 2477 741 2538; x_wconf 81' lang='lat' dir='ltr'><strong>maximae</strong></span> <span class='ocrx_word' id='word_1_198' title='bbox 755 2477 939 2538; x_wconf 87' lang='lat' dir='ltr'><strong>sautcertls-</strong></span> 
     </span>
    </p>

    <p class='ocr_par' dir='ltr' id='par_1_8' title="bbox 62 2557 970 2986">
     <span class='ocr_line' id='line_1_28' title="bbox 62 2557 942 2640; baseline 0.007 -23"><span class='ocrx_word' id='word_1_199' title='bbox 62 2602 65 2607; x_wconf 83' lang='lat'>-</span> <span class='ocrx_word' id='word_1_200' title='bbox 93 2558 247 2640; x_wconf 83' lang='lat' dir='ltr'><strong>simaeque</strong></span> <span class='ocrx_word' id='word_1_201' title='bbox 269 2557 400 2620; x_wconf 75' lang='lat' dir='ltr'><strong>divitiae.</strong></span> <span class='ocrx_word' id='word_1_202' title='bbox 436 2560 556 2621; x_wconf 80' lang='lat' dir='ltr'><strong>Etenim</strong></span> <span class='ocrx_word' id='word_1_203' title='bbox 589 2562 613 2620; x_wconf 89' lang='lat' dir='ltr'><strong>si</strong></span> <span class='ocrx_word' id='word_1_204' title='bbox 641 2561 690 2622; x_wconf 90' lang='lat' dir='ltr'><strong>isti</strong></span> <span class='ocrx_word' id='word_1_205' title='bbox 718 2562 820 2623; x_wconf 83' lang='lat' dir='ltr'><strong>callidi</strong></span> <span class='ocrx_word' id='word_1_206' title='bbox 841 2578 942 2623; x_wconf 79' lang='lat' dir='ltr'><strong>rerum</strong></span> 
     </span>
     <span class='ocr_line' id='line_1_29' title="bbox 94 2642 941 2729; baseline 0.007 -27"><span class='ocrx_word' id='word_1_207' title='bbox 94 2642 302 2703; x_wconf 81' lang='lat' dir='ltr'><strong>aestimatores</strong></span> <span class='ocrx_word' id='word_1_208' title='bbox 324 2656 441 2726; x_wconf 81' lang='lat' dir='ltr'><strong>prata,</strong></span> <span class='ocrx_word' id='word_1_209' title='bbox 473 2655 505 2704; x_wconf 84' lang='lat' dir='ltr'><strong>et</strong></span> <span class='ocrx_word' id='word_1_210' title='bbox 540 2667 624 2706; x_wconf 84' lang='lat' dir='ltr'><strong>areas</strong></span> <span class='ocrx_word' id='word_1_211' title='bbox 657 2645 801 2729; x_wconf 82' lang='lat' dir='ltr'><strong>quasdam</strong></span> <span class='ocrx_word' id='word_1_212' title='bbox 835 2669 941 2729; x_wconf 84' lang='lat' dir='ltr'><strong>magau</strong></span> 
     </span>
     <span class='ocr_line' id='line_1_30' title="bbox 96 2726 941 2813; baseline 0.007 -27"><span class='ocrx_word' id='word_1_213' title='bbox 96 2726 274 2803; x_wconf 84' lang='lat' dir='ltr'><strong>aestimant,</strong></span> <span class='ocrx_word' id='word_1_214' title='bbox 291 2728 373 2810; x_wconf 86' lang='lat' dir='ltr'><strong>quod</strong></span> <span class='ocrx_word' id='word_1_215' title='bbox 395 2729 423 2788; x_wconf 87' lang='lat' dir='ltr'><strong>ei</strong></span> <span class='ocrx_word' id='word_1_216' title='bbox 446 2731 548 2810; x_wconf 73' lang='lat' dir='ltr'><strong>generi</strong></span> <span class='ocrx_word' id='word_1_217' title='bbox 582 2731 796 2813; x_wconf 85' lang='lat' dir='ltr'><strong>possessionum</strong></span> <span class='ocrx_word' id='word_1_218' title='bbox 820 2734 941 2793; x_wconf 87' lang='lat' dir='ltr'><strong>minime</strong></span> 
     </span>
     <span class='ocr_line' id='line_1_31' title="bbox 95 2808 942 2896; baseline 0.008 -27"><span class='ocrx_word' id='word_1_219' title='bbox 95 2808 184 2891; x_wconf 91' lang='lat' dir='ltr'><strong>quasi</strong></span> <span class='ocrx_word' id='word_1_220' title='bbox 217 2812 320 2872; x_wconf 82' lang='lat' dir='ltr'><strong>noceri</strong></span> <span class='ocrx_word' id='word_1_221' title='bbox 352 2825 465 2895; x_wconf 86' lang='lat' dir='ltr'><strong>potest:</strong></span> <span class='ocrx_word' id='word_1_222' title='bbox 495 2834 511 2873; x_wconf 89' lang='lat' dir='ltr'><strong><em>c</em></strong></span> <span class='ocrx_word' id='word_1_223' title='bbox 544 2816 650 2896; x_wconf 87' lang='lat' dir='ltr'><strong>quanti</strong></span> <span class='ocrx_word' id='word_1_224' title='bbox 686 2828 732 2876; x_wconf 84' lang='lat' dir='ltr'><strong>est</strong></span> <span class='ocrx_word' id='word_1_225' title='bbox 760 2814 942 2876; x_wconf 83' lang='lat' dir='ltr'><strong>aestimanda</strong></span> 
     </span>
     <span class='ocr_line' id='line_1_32' title="bbox 95 2895 970 2986; baseline 0.006 -32"><span class='ocrx_word' id='word_1_226' title='bbox 95 2895 213 2973; x_wconf 70' lang='lat' dir='ltr'><strong>uirtus,</strong></span> <span class='ocrx_word' id='word_1_227' title='bbox 235 2914 314 2978; x_wconf 84' lang='lat' dir='ltr'><strong>quae</strong></span> <span class='ocrx_word' id='word_1_228' title='bbox 336 2917 392 2957; x_wconf 87' lang='lat' dir='ltr'><strong>nee</strong></span> <span class='ocrx_word' id='word_1_229' title='bbox 413 2897 510 2986; x_wconf 82' lang='lat' dir='ltr'><strong>eripi,</strong></span> <span class='ocrx_word' id='word_1_230' title='bbox 532 2919 589 2960; x_wconf 87' lang='lat' dir='ltr'><strong>nee</strong></span> <span class='ocrx_word' id='word_1_231' title='bbox 618 2899 726 2981; x_wconf 75' lang='lat' dir='ltr'><strong>surripi</strong></span> <span class='ocrx_word' id='word_1_232' title='bbox 762 2911 859 2982; x_wconf 85' lang='lat' dir='ltr'><strong>potest</strong></span> <span class='ocrx_word' id='word_1_233' title='bbox 882 2919 940 2959; x_wconf 89' lang='lat' dir='ltr'><strong>un·</strong></span> <span class='ocrx_word' id='word_1_234' title='bbox 965 2981 970 2986; x_wconf 23' lang='grc'><em>“</em></span> 
     </span>
    </p>
   </div>
   <div class='ocr_carea' id='block_1_2' title="bbox 95 3058 871 3267">
    <p class='ocr_par' dir='ltr' id='par_1_9' title="bbox 95 3058 871 3267">
     <span class='ocr_line' id='line_1_33' title="bbox 97 3058 572 3129; baseline 0.013 -19"><span class='ocrx_word' id='word_1_235' title='bbox 97 3077 114 3110; x_wconf 78' lang='grc' dir='ltr'>ι</span> <span class='ocrx_word' id='word_1_236' title='bbox 132 3058 281 3112; x_wconf 78' lang='lat' dir='ltr'><strong>Conclusio</strong></span> <span class='ocrx_word' id='word_1_237' title='bbox 297 3078 346 3129; x_wconf 85' lang='lat' dir='ltr'><strong>per</strong></span> <span class='ocrx_word' id='word_1_238' title='bbox 362 3066 572 3116; x_wconf 79' lang='lat' dir='ltr'><strong>contentionem.</strong></span> 
     </span>
     <span class='ocr_line' id='line_1_34' title="bbox 95 3125 871 3201; baseline 0.01 -25"><span class='ocrx_word' id='word_1_239' title='bbox 95 3125 111 3177; x_wconf 77' lang='grc' dir='ltr'><strong>ι</strong></span> <span class='ocrx_word' id='word_1_240' title='bbox 129 3125 267 3193; x_wconf 73' lang='lat' dir='ltr'><strong>Collatia,</strong></span> <span class='ocrx_word' id='word_1_241' title='bbox 284 3131 330 3181; x_wconf 87' lang='lat' dir='ltr'><strong>oui</strong></span> <span class='ocrx_word' id='word_1_242' title='bbox 347 3130 489 3182; x_wconf 79' lang='lat' dir='ltr'><strong>subiunxit</strong></span> <span class='ocrx_word' id='word_1_243' title='bbox 506 3131 700 3201; x_wconf 76' lang='lat' dir='ltr'><strong>expositionem</strong></span> <span class='ocrx_word' id='word_1_244' title='bbox 718 3133 871 3192; x_wconf 82' lang='lat' dir='ltr'><strong>sententiae.</strong></span> 
     </span>
     <span class='ocr_line' id='line_1_35' title="bbox 96 3191 751 3267; baseline 0.017 -23"><span class='ocrx_word' id='word_1_245' title='bbox 96 3211 111 3245; x_wconf 87' lang='lat' dir='ltr'><em>c</em></span> <span class='ocrx_word' id='word_1_246' title='bbox 129 3191 201 3248; x_wconf 81' lang='lat' dir='ltr'><strong>Nota</strong></span> <span class='ocrx_word' id='word_1_247' title='bbox 218 3194 324 3254; x_wconf 79' lang='lat' dir='ltr'><strong>virtutis</strong></span> <span class='ocrx_word' id='word_1_248' title='bbox 341 3199 498 3267; x_wconf 82' lang='lat' dir='ltr'><strong>potentiam.</strong></span> <span class='ocrx_word' id='word_1_249' title='bbox 748 3212 751 3218; x_wconf 77' lang='grc'><em>“</em></span> 
     </span>
    </p>
   </div>
   <div class='ocr_carea' id='block_1_3' title="bbox 0 0 1184 3567">
    <p class='ocr_par' dir='ltr' id='par_1_10' title="bbox 0 0 1184 3567">
     <span class='ocr_line' id='line_1_36' title="bbox 0 0 1184 3567; baseline 0 0"><span class='ocrx_word' id='word_1_250' title='bbox 0 0 1184 3567; x_wconf 95' lang='lat' dir='ltr'><strong> </strong></span> 
     </span>
    </p>
   </div>
  </div>
 </body>
</html>
