<?xml version="1.0" encoding="UTF-8"?>
<!DOCTYPE html PUBLIC "-//W3C//DTD XHTML 1.0 Transitional//EN"
    "http://www.w3.org/TR/xhtml1/DTD/xhtml1-transitional.dtd">
<html xmlns="http://www.w3.org/1999/xhtml" xml:lang="en" lang="en">
 <head>
  <title>
</title>
<meta http-equiv="Content-Type" content="text/html;charset=utf-8" />
  <meta name='ocr-system' content='tesseract 3.04.00' />
  <meta name='ocr-capabilities' content='ocr_page ocr_carea ocr_par ocr_line ocrx_word'/>
</head>
<body>
  <div class='ocr_page' id='page_1' title='image "./mtulliiciceroni114cicegoog/mtulliiciceroni114cicegoog_0109.png"; bbox 0 0 2359 3567; ppageno 0'>
   <div class='ocr_carea' id='block_1_1' title="bbox 101 163 964 1347">
    <p class='ocr_par' dir='ltr' id='par_1_1' title="bbox 101 163 964 1347">
     <span class='ocr_line' id='line_1_1' title="bbox 213 163 913 235; baseline 0.007 -16"><span class='ocrx_word' id='word_1_1' title='bbox 213 225 218 235; x_wconf 35' lang='lat'><strong><em>¹</em></strong></span> <span class='ocrx_word' id='word_1_2' title='bbox 376 188 389 198; x_wconf 63' lang='grc'><strong>·’</strong></span> <span class='ocrx_word' id='word_1_3' title='bbox 420 178 477 219; x_wconf 80' lang='lat' dir='ltr'><strong>arn.</strong></span> <span class='ocrx_word' id='word_1_4' title='bbox 500 178 535 219; x_wconf 83' lang='lat' dir='ltr'><strong>rr.</strong></span> <span class='ocrx_word' id='word_1_5' title='bbox 557 177 621 219; x_wconf 81' lang='lat' dir='ltr'><strong>aar.</strong></span> <span class='ocrx_word' id='word_1_6' title='bbox 643 176 673 218; x_wconf 79' lang='lat' dir='ltr'><strong>x.</strong></span> <span class='ocrx_word' id='word_1_7' title='bbox 856 163 913 224; x_wconf 75' lang='lat'><strong>1⁸3</strong></span> 
     </span>
     <span class='ocr_line' id='line_1_2' title="bbox 103 207 958 326; baseline 0 -17"><span class='ocrx_word' id='word_1_8' title='bbox 103 207 281 322; x_wconf 48' lang='lat' dir='ltr'><strong>tundata*</strong></span> <span class='ocrx_word' id='word_1_9' title='bbox 303 243 339 305; x_wconf 78' lang='lat' dir='ltr'><strong>P.</strong></span> <span class='ocrx_word' id='word_1_10' title='bbox 362 242 462 304; x_wconf 78' lang='lat' dir='ltr'>Rutili</span> <span class='ocrx_word' id='word_1_11' title='bbox 478 241 710 304; x_wconf 79' lang='lat' dir='ltr'><strong>adolescentiam</strong></span> <span class='ocrx_word' id='word_1_12' title='bbox 726 241 765 303; x_wconf 88' lang='lat' dir='ltr'><strong>ad</strong></span> <span class='ocrx_word' id='word_1_13' title='bbox 780 241 958 326; x_wconf 78' lang='lat' dir='ltr'><strong>opinionem</strong></span> 
     </span>
     <span class='ocr_line' id='line_1_3' title="bbox 101 326 957 401; baseline -0.002 -9"><span class='ocrx_word' id='word_1_14' title='bbox 101 347 134 392; x_wconf 89' lang='lat' dir='ltr'><strong>et</strong></span> <span class='ocrx_word' id='word_1_15' title='bbox 157 327 348 401; x_wconf 75' lang='lat' dir='ltr'><strong>innocentiae</strong></span> <span class='ocrx_word' id='word_1_16' title='bbox 368 340 401 387; x_wconf 91' lang='lat' dir='ltr'><strong>et</strong></span> <span class='ocrx_word' id='word_1_17' title='bbox 423 327 499 388; x_wconf 88' lang='lat' dir='ltr'><strong>iuris</strong></span> <span class='ocrx_word' id='word_1_18' title='bbox 520 327 664 388; x_wconf 79' lang='lat' dir='ltr'><strong>scientiae</strong></span> <span class='ocrx_word' id='word_1_19' title='bbox 687 326 721 388; x_wconf 88' lang='lat' dir='ltr'><strong>P.</strong></span> <span class='ocrx_word' id='word_1_20' title='bbox 746 326 840 389; x_wconf 79' lang='lat' dir='ltr'><strong>Mucii</strong></span> <span class='ocrx_word' id='word_1_21' title='bbox 872 354 957 393; x_wconf 89' lang='lat' dir='ltr'><strong>com·</strong></span> 
     </span>
     <span class='ocr_line' id='line_1_4' title="bbox 104 410 957 496; baseline -0.002 -18"><span class='ocrx_word' id='word_1_22' title='bbox 104 415 261 478; x_wconf 82' lang='lat' dir='ltr'><strong>mendavit</strong></span> <span class='ocrx_word' id='word_1_23' title='bbox 282 412 401 474; x_wconf 87' lang='lat' dir='ltr'><strong>domus.</strong></span> <span class='ocrx_word' id='word_1_24' title='bbox 424 414 452 475; x_wconf 82' lang='lat' dir='ltr'><strong>b.</strong></span> <span class='ocrx_word' id='word_1_25' title='bbox 465 413 539 474; x_wconf 84' lang='lat' dir='ltr'><strong>Nam</strong></span> <span class='ocrx_word' id='word_1_26' title='bbox 554 412 670 474; x_wconf 83' lang='lat' dir='ltr'><strong>Lucius</strong></span> <span class='ocrx_word' id='word_1_27' title='bbox 681 410 805 496; x_wconf 80' lang='lat' dir='ltr'><strong>quidem</strong></span> <span class='ocrx_word' id='word_1_28' title='bbox 816 413 957 494; x_wconf 78' lang='lat' dir='ltr'><strong>Crassus,</strong></span> 
     </span>
     <span class='ocr_line' id='line_1_5' title="bbox 106 495 960 584; baseline 0 -22"><span class='ocrx_word' id='word_1_29' title='bbox 106 524 201 584; x_wconf 88' lang='lat' dir='ltr'><strong>quum</strong></span> <span class='ocrx_word' id='word_1_30' title='bbox 224 512 303 559; x_wconf 82' lang='lat' dir='ltr'><strong>esset</strong></span> <span class='ocrx_word' id='word_1_31' title='bbox 324 497 486 558; x_wconf 87' lang='lat' dir='ltr'><strong>admodum</strong></span> <span class='ocrx_word' id='word_1_32' title='bbox 509 495 709 574; x_wconf 79' lang='lat' dir='ltr'><strong>adolescens,</strong></span> <span class='ocrx_word' id='word_1_33' title='bbox 740 520 800 560; x_wconf 92' lang='lat' dir='ltr'><strong>non</strong></span> <span class='ocrx_word' id='word_1_34' title='bbox 834 500 960 562; x_wconf 81' lang='lat' dir='ltr'><strong>aliunde</strong></span> 
     </span>
     <span class='ocr_line' id='line_1_6' title="bbox 101 582 960 666; baseline 0.002 -20"><span class='ocrx_word' id='word_1_35' title='bbox 101 599 261 647; x_wconf 86' lang='lat' dir='ltr'><strong>mutuatus</strong></span> <span class='ocrx_word' id='word_1_36' title='bbox 268 596 323 658; x_wconf 81' lang='lat' dir='ltr'><strong>est,</strong></span> <span class='ocrx_word' id='word_1_37' title='bbox 332 583 383 643; x_wconf 89' lang='lat' dir='ltr'><strong>sed</strong></span> <span class='ocrx_word' id='word_1_38' title='bbox 395 582 453 643; x_wconf 80' lang='lat' dir='ltr'><strong>sibi</strong></span> <span class='ocrx_word' id='word_1_39' title='bbox 467 583 530 666; x_wconf 86' lang='lat' dir='ltr'><strong>ipse</strong></span> <span class='ocrx_word' id='word_1_40' title='bbox 539 584 656 666; x_wconf 82' lang='lat' dir='ltr'><strong>peperit</strong></span> <span class='ocrx_word' id='word_1_41' title='bbox 666 582 826 645; x_wconf 80' lang='lat' dir='ltr'><strong>maximam</strong></span> <span class='ocrx_word' id='word_1_42' title='bbox 839 586 960 648; x_wconf 88' lang='lat' dir='ltr'><strong>laudem</strong></span> 
     </span>
     <span class='ocr_line' id='line_1_7' title="bbox 106 666 962 754; baseline 0.001 -22"><span class='ocrx_word' id='word_1_43' title='bbox 106 694 146 732; x_wconf 82' lang='lat' dir='ltr'><strong>ex</strong></span> <span class='ocrx_word' id='word_1_44' title='bbox 168 671 222 731; x_wconf 90' lang='lat' dir='ltr'><strong>illa</strong></span> <span class='ocrx_word' id='word_1_45' title='bbox 244 668 433 731; x_wconf 76' lang='lat' dir='ltr'><strong>accusatione</strong></span> <span class='ocrx_word' id='word_1_46' title='bbox 455 666 574 742; x_wconf 87' lang='lat' dir='ltr'><strong>nobili,</strong></span> <span class='ocrx_word' id='word_1_47' title='bbox 596 681 628 729; x_wconf 88' lang='lat' dir='ltr'><strong>et</strong></span> <span class='ocrx_word' id='word_1_48' title='bbox 657 666 795 750; x_wconf 80' lang='lat' dir='ltr'><strong>gloriosa.</strong></span> <span class='ocrx_word' id='word_1_49' title='bbox 828 669 868 731; x_wconf 83' lang='lat' dir='ltr'><strong>Et</strong></span> <span class='ocrx_word' id='word_1_50' title='bbox 899 692 962 754; x_wconf 76' lang='lat' dir='ltr'><strong>qua</strong></span> 
     </span>
     <span class='ocr_line' id='line_1_8' title="bbox 107 750 962 836; baseline 0.001 -19"><span class='ocrx_word' id='word_1_51' title='bbox 107 769 207 817; x_wconf 86' lang='lat' dir='ltr'><strong>aetate</strong></span> <span class='ocrx_word' id='word_1_52' title='bbox 229 755 284 836; x_wconf 91' lang='lat' dir='ltr'><strong>qui</strong></span> <span class='ocrx_word' id='word_1_53' title='bbox 304 767 504 829; x_wconf 81' lang='lat' dir='ltr'><strong>exercentur,</strong></span> <span class='ocrx_word' id='word_1_54' title='bbox 526 750 616 814; x_wconf 90' lang='lat' dir='ltr'><strong>laude</strong></span> <span class='ocrx_word' id='word_1_55' title='bbox 637 752 715 813; x_wconf 88' lang='lat' dir='ltr'><strong>allici</strong></span> <span class='ocrx_word' id='word_1_56' title='bbox 738 750 851 831; x_wconf 85' lang='lat' dir='ltr'><strong>solent,</strong></span> <span class='ocrx_word' id='word_1_57' title='bbox 875 770 908 818; x_wconf 90' lang='lat' dir='ltr'><strong>ut</strong></span> <span class='ocrx_word' id='word_1_58' title='bbox 922 756 962 817; x_wconf 86' lang='lat' dir='ltr'><strong>de</strong></span> 
     </span>
     <span class='ocr_line' id='line_1_9' title="bbox 107 838 961 922; baseline 0.001 -20"><span class='ocrx_word' id='word_1_59' title='bbox 107 841 314 902; x_wconf 81' lang='lat' dir='ltr'><strong>Demosthene</strong></span> <span class='ocrx_word' id='word_1_60' title='bbox 336 840 529 922; x_wconf 84' lang='lat' dir='ltr'><strong>accepimus,</strong></span> <span class='ocrx_word' id='word_1_61' title='bbox 562 858 598 899; x_wconf 83' lang='lat' dir='ltr'><strong>ea</strong></span> <span class='ocrx_word' id='word_1_62' title='bbox 631 849 731 899; x_wconf 86' lang='lat' dir='ltr'><strong>aetate</strong></span> <span class='ocrx_word' id='word_1_63' title='bbox 765 839 801 900; x_wconf 79' lang='lat' dir='ltr'><strong>L.</strong></span> <span class='ocrx_word' id='word_1_64' title='bbox 839 838 961 904; x_wconf 83' lang='lat' dir='ltr'><strong>Crassus</strong></span> 
     </span>
     <span class='ocr_line' id='line_1_10' title="bbox 105 922 961 1004; baseline 0.002 -17"><span class='ocrx_word' id='word_1_65' title='bbox 105 925 268 1000; x_wconf 79' lang='lat' dir='ltr'><strong>ostendit,</strong></span> <span class='ocrx_word' id='word_1_66' title='bbox 287 922 322 991; x_wconf 85' lang='lat' dir='ltr'><strong>jd</strong></span> <span class='ocrx_word' id='word_1_67' title='bbox 344 946 375 982; x_wconf 90' lang='lat' dir='ltr'><strong>se</strong></span> <span class='ocrx_word' id='word_1_68' title='bbox 398 924 428 983; x_wconf 91' lang='lat' dir='ltr'><strong>in</strong></span> <span class='ocrx_word' id='word_1_69' title='bbox 455 923 519 983; x_wconf 84' lang='lat' dir='ltr'><strong>loro</strong></span> <span class='ocrx_word' id='word_1_70' title='bbox 555 922 671 1004; x_wconf 88' lang='lat' dir='ltr'><strong>optime</strong></span> <span class='ocrx_word' id='word_1_71' title='bbox 703 922 762 984; x_wconf 90' lang='lat' dir='ltr'><strong>iam</strong></span> <span class='ocrx_word' id='word_1_72' title='bbox 789 945 806 984; x_wconf 78' lang='lat' dir='ltr'><strong>c</strong></span> <span class='ocrx_word' id='word_1_73' title='bbox 841 925 961 1004; x_wconf 83' lang='lat' dir='ltr'><strong>lacere,</strong></span> 
     </span>
     <span class='ocr_line' id='line_1_11' title="bbox 107 1006 963 1094; baseline 0.002 -23"><span class='ocrx_word' id='word_1_74' title='bbox 107 1009 194 1094; x_wconf 86' lang='lat' dir='ltr'><strong>quod</strong></span> <span class='ocrx_word' id='word_1_75' title='bbox 216 1009 394 1089; x_wconf 84' lang='lat' dir='ltr'><strong>etiamtum</strong></span> <span class='ocrx_word' id='word_1_76' title='bbox 416 1020 533 1091; x_wconf 91' lang='lat' dir='ltr'><strong>poterat</strong></span> <span class='ocrx_word' id='word_1_77' title='bbox 552 1006 635 1068; x_wconf 91' lang='lat' dir='ltr'><strong>domi</strong></span> <span class='ocrx_word' id='word_1_78' title='bbox 658 1030 728 1069; x_wconf 89' lang='lat' dir='ltr'><strong>cum</strong></span> <span class='ocrx_word' id='word_1_79' title='bbox 750 1008 839 1071; x_wconf 83' lang='lat' dir='ltr'><strong>laude</strong></span> <span class='ocrx_word' id='word_1_80' title='bbox 869 1012 963 1073; x_wconf 91' lang='lat' dir='ltr'><strong>medi·</strong></span> 
     </span>
     <span class='ocr_line' id='line_1_12' title="bbox 109 1092 963 1177; baseline 0.001 -20"><span class='ocrx_word' id='word_1_81' title='bbox 109 1095 180 1157; x_wconf 88' lang='lat' dir='ltr'><strong>tari.</strong></span> <span class='ocrx_word' id='word_1_82' title='bbox 203 1093 262 1155; x_wconf 85' lang='lat' dir='ltr'><strong>Sed</strong></span> <span class='ocrx_word' id='word_1_83' title='bbox 284 1117 380 1177; x_wconf 88' lang='lat' dir='ltr'><strong>quum</strong></span> <span class='ocrx_word' id='word_1_84' title='bbox 403 1094 441 1153; x_wconf 90' lang='lat' dir='ltr'><strong>sit</strong></span> <span class='ocrx_word' id='word_1_85' title='bbox 463 1092 541 1153; x_wconf 86' lang='lat' dir='ltr'><strong>ratio</strong></span> <span class='ocrx_word' id='word_1_86' title='bbox 563 1093 734 1170; x_wconf 85' lang='lat' dir='ltr'><strong>orationis,</strong></span> <span class='ocrx_word' id='word_1_87' title='bbox 767 1116 896 1176; x_wconf 86' lang='lat' dir='ltr'><strong>quarum</strong></span> <span class='ocrx_word' id='word_1_88' title='bbox 930 1097 963 1158; x_wconf 84' lang='lat' dir='ltr'><strong>in</strong></span> 
     </span>
     <span class='ocr_line' id='line_1_13' title="bbox 109 1176 964 1255; baseline 0.005 -15"><span class='ocrx_word' id='word_1_89' title='bbox 109 1181 207 1240; x_wconf 85' lang='lat' dir='ltr'><strong>altera</strong></span> <span class='ocrx_word' id='word_1_90' title='bbox 227 1201 325 1238; x_wconf 87' lang='lat' dir='ltr'><strong>sermo</strong></span> <span class='ocrx_word' id='word_1_91' title='bbox 348 1176 410 1255; x_wconf 86' lang='lat' dir='ltr'><strong>sit,</strong></span> <span class='ocrx_word' id='word_1_92' title='bbox 433 1179 466 1238; x_wconf 93' lang='lat' dir='ltr'><strong>in</strong></span> <span class='ocrx_word' id='word_1_93' title='bbox 487 1177 582 1238; x_wconf 86' lang='lat' dir='ltr'><strong>altera</strong></span> <span class='ocrx_word' id='word_1_94' title='bbox 610 1178 789 1255; x_wconf 86' lang='lat' dir='ltr'><strong>contentio;</strong></span> <span class='ocrx_word' id='word_1_95' title='bbox 824 1203 886 1243; x_wconf 92' lang='lat' dir='ltr'><strong>nou</strong></span> <span class='ocrx_word' id='word_1_96' title='bbox 919 1195 964 1244; x_wconf 88' lang='lat' dir='ltr'><strong>est</strong></span> 
     </span>
     <span class='ocr_line' id='line_1_14' title="bbox 111 1261 964 1347; baseline 0.004 -22"><span class='ocrx_word' id='word_1_97' title='bbox 111 1264 144 1325; x_wconf 85' lang='lat' dir='ltr'><strong>id</strong></span> <span class='ocrx_word' id='word_1_98' title='bbox 180 1262 305 1347; x_wconf 88' lang='lat' dir='ltr'><strong>quidem</strong></span> <span class='ocrx_word' id='word_1_99' title='bbox 341 1263 494 1340; x_wconf 85' lang='lat' dir='ltr'><strong>dubium,</strong></span> <span class='ocrx_word' id='word_1_100' title='bbox 527 1261 604 1345; x_wconf 87' lang='lat' dir='ltr'><strong>quin</strong></span> <span class='ocrx_word' id='word_1_101' title='bbox 639 1262 791 1324; x_wconf 86' lang='lat' dir='ltr'><strong>contentio</strong></span> <span class='ocrx_word' id='word_1_102' title='bbox 819 1267 964 1328; x_wconf 88' lang='lat' dir='ltr'><strong>orationis</strong></span> 
     </span>
    </p>
   </div>
   <div class='ocr_carea' id='block_1_2' title="bbox 9 1347 966 1518">
    <p class='ocr_par' dir='ltr' id='par_1_2' title="bbox 9 1347 966 1518">
     <span class='ocr_line' id='line_1_15' title="bbox 15 1347 966 1429; baseline 0.002 -19"><span class='ocrx_word' id='word_1_103' title='bbox 15 1390 21 1401; x_wconf 79' lang='lat'><strong>·</strong></span> <span class='ocrx_word' id='word_1_104' title='bbox 110 1350 261 1412; x_wconf 80' lang='lat' dir='ltr'><strong>maiorem</strong></span> <span class='ocrx_word' id='word_1_105' title='bbox 282 1348 345 1410; x_wconf 82' lang='lat' dir='ltr'><strong>vim</strong></span> <span class='ocrx_word' id='word_1_106' title='bbox 366 1348 476 1409; x_wconf 87' lang='lat' dir='ltr'><strong>habeat</strong></span> <span class='ocrx_word' id='word_1_107' title='bbox 497 1348 536 1408; x_wconf 83' lang='lat' dir='ltr'><strong>ad</strong></span> <span class='ocrx_word' id='word_1_108' title='bbox 558 1347 694 1429; x_wconf 79' lang='lat' dir='ltr'><strong>gloriam.</strong></span> <span class='ocrx_word' id='word_1_109' title='bbox 717 1347 760 1408; x_wconf 81' lang='lat' dir='ltr'><strong>Ea</strong></span> <span class='ocrx_word' id='word_1_110' title='bbox 783 1363 828 1410; x_wconf 91' lang='lat' dir='ltr'><strong>est</strong></span> <span class='ocrx_word' id='word_1_111' title='bbox 838 1353 966 1428; x_wconf 47' lang='lat' dir='ltr'><strong>enim,</strong></span> 
     </span>
     <span class='ocr_line' id='line_1_16' title="bbox 9 1431 966 1518; baseline 0.003 -24"><span class='ocrx_word' id='word_1_112' title='bbox 9 1471 14 1488; x_wconf 61' lang='grc' dir='ltr'><strong><em>ι</em></strong></span> <span class='ocrx_word' id='word_1_113' title='bbox 114 1458 206 1518; x_wconf 90' lang='lat' dir='ltr'><strong>quam</strong></span> <span class='ocrx_word' id='word_1_114' title='bbox 220 1432 435 1517; x_wconf 66' lang='lat' dir='ltr'><strong>¹eloquentiam</strong></span> <span class='ocrx_word' id='word_1_115' title='bbox 456 1431 633 1493; x_wconf 88' lang='lat' dir='ltr'><strong>dicimus.d</strong></span> <span class='ocrx_word' id='word_1_116' title='bbox 653 1431 711 1493; x_wconf 87' lang='lat' dir='ltr'><strong>Sed</strong></span> <span class='ocrx_word' id='word_1_117' title='bbox 729 1444 827 1494; x_wconf 89' lang='lat' dir='ltr'><strong>tamen</strong></span> <span class='ocrx_word' id='word_1_118' title='bbox 844 1434 966 1497; x_wconf 90' lang='lat' dir='ltr'><strong>difficile</strong></span> 
     </span>
    </p>
   </div>
   <div class='ocr_carea' id='block_1_3' title="bbox 109 1516 967 1688">
    <p class='ocr_par' dir='ltr' id='par_1_3' title="bbox 109 1516 967 1688">
     <span class='ocr_line' id='line_1_17' title="bbox 109 1516 967 1603; baseline 0.003 -24"><span class='ocrx_word' id='word_1_119' title='bbox 109 1520 198 1587; x_wconf 81' lang='lat' dir='ltr'><strong>dictu</strong></span> <span class='ocrx_word' id='word_1_120' title='bbox 220 1532 287 1595; x_wconf 87' lang='lat' dir='ltr'><strong>est,</strong></span> <span class='ocrx_word' id='word_1_121' title='bbox 310 1532 498 1603; x_wconf 86' lang='lat' dir='ltr'><strong>quantopere</strong></span> <span class='ocrx_word' id='word_1_122' title='bbox 520 1516 663 1578; x_wconf 88' lang='lat' dir='ltr'><strong>conciliet</strong></span> <span class='ocrx_word' id='word_1_123' title='bbox 675 1518 791 1579; x_wconf 90' lang='lat' dir='ltr'><strong>animos</strong></span> <span class='ocrx_word' id='word_1_124' title='bbox 807 1519 967 1582; x_wconf 89' lang='lat' dir='ltr'><strong>hominum</strong></span> 
     </span>
     <span class='ocr_line' id='line_1_18' title="bbox 111 1602 967 1688; baseline 0 -21"><span class='ocrx_word' id='word_1_125' title='bbox 111 1606 239 1667; x_wconf 87' lang='lat' dir='ltr'><strong>comitas</strong></span> <span class='ocrx_word' id='word_1_126' title='bbox 252 1651 261 1680; x_wconf 87' lang='lat'><strong>‚</strong></span> <span class='ocrx_word' id='word_1_127' title='bbox 275 1604 498 1687; x_wconf 82' lang='lat' dir='ltr'><strong>affabilitasque</strong></span> <span class='ocrx_word' id='word_1_128' title='bbox 510 1602 666 1664; x_wconf 76' lang='lat' dir='ltr'><strong>sermonis,</strong></span> <span class='ocrx_word' id='word_1_129' title='bbox 683 1602 810 1665; x_wconf 80' lang='lat' dir='ltr'><strong>Exstant</strong></span> <span class='ocrx_word' id='word_1_130' title='bbox 821 1605 967 1688; x_wconf 84' lang='lat' dir='ltr'><strong>epistolae</strong></span> 
     </span>
    </p>
   </div>
   <div class='ocr_carea' id='block_1_4' title="bbox 2 1687 969 1787">
    <p class='ocr_par' dir='ltr' id='par_1_4' title="bbox 2 1687 969 1787">
     <span class='ocr_line' id='line_1_19' title="bbox 2 1687 969 1787; baseline 0.004 -38"><span class='ocrx_word' id='word_1_131' title='bbox 2 1716 4 1787; x_wconf 46' lang='grc' dir='ltr'><em>ζ</em></span> <span class='ocrx_word' id='word_1_132' title='bbox 107 1703 145 1751; x_wconf 83' lang='lat' dir='ltr'><strong>et</strong></span> <span class='ocrx_word' id='word_1_133' title='bbox 177 1689 318 1774; x_wconf 85' lang='lat' dir='ltr'><strong>Philippi</strong></span> <span class='ocrx_word' id='word_1_134' title='bbox 350 1688 389 1750; x_wconf 88' lang='lat' dir='ltr'><strong>ad</strong></span> <span class='ocrx_word' id='word_1_135' title='bbox 422 1687 656 1765; x_wconf 82' lang='lat' dir='ltr'><strong>Alexandrum,</strong></span> <span class='ocrx_word' id='word_1_136' title='bbox 691 1700 721 1747; x_wconf 87' lang='lat' dir='ltr'><strong>et</strong></span> <span class='ocrx_word' id='word_1_137' title='bbox 752 1690 905 1773; x_wconf 83' lang='lat' dir='ltr'><strong>Antipatri</strong></span> <span class='ocrx_word' id='word_1_138' title='bbox 928 1691 969 1753; x_wconf 88' lang='lat' dir='ltr'><strong>ad</strong></span> 
     </span>
    </p>
   </div>
   <div class='ocr_carea' id='block_1_5' title="bbox 113 1772 975 2541">
    <p class='ocr_par' dir='ltr' id='par_1_5' title="bbox 113 1772 975 2541">
     <span class='ocr_line' id='line_1_20' title="bbox 114 1772 968 1858; baseline 0.002 -23"><span class='ocrx_word' id='word_1_139' title='bbox 114 1774 341 1848; x_wconf 86' lang='lat' dir='ltr'><strong>Cassandrum,</strong></span> <span class='ocrx_word' id='word_1_140' title='bbox 363 1788 394 1835; x_wconf 90' lang='lat' dir='ltr'><strong>et</strong></span> <span class='ocrx_word' id='word_1_141' title='bbox 415 1772 621 1855; x_wconf 9' lang='lat' dir='ltr'><strong>Antigoninad</strong></span> <span class='ocrx_word' id='word_1_142' title='bbox 644 1772 822 1858; x_wconf 89' lang='lat' dir='ltr'><strong>Philippum</strong></span> <span class='ocrx_word' id='word_1_143' title='bbox 844 1777 968 1855; x_wconf 76' lang='lat' dir='ltr'><strong>tilium,</strong></span> 
     </span>
     <span class='ocr_line' id='line_1_21' title="bbox 117 1858 968 1945; baseline 0.005 -26"><span class='ocrx_word' id='word_1_144' title='bbox 117 1860 210 1921; x_wconf 90' lang='lat' dir='ltr'><strong>trium</strong></span> <span class='ocrx_word' id='word_1_145' title='bbox 245 1858 546 1943; x_wconf 84' lang='lat' dir='ltr'><strong>prudentissimorum</strong></span> <span class='ocrx_word' id='word_1_146' title='bbox 581 1859 651 1935; x_wconf 82' lang='lat' dir='ltr'><strong>(sic</strong></span> <span class='ocrx_word' id='word_1_147' title='bbox 671 1860 753 1919; x_wconf 91' lang='lat' dir='ltr'><strong>enim</strong></span> <span class='ocrx_word' id='word_1_148' title='bbox 774 1862 968 1945; x_wconf 84' lang='lat' dir='ltr'><strong>accepimus)</strong></span> 
     </span>
     <span class='ocr_line' id='line_1_22' title="bbox 113 1942 971 2027; baseline 0.002 -22"><span class='ocrx_word' id='word_1_149' title='bbox 113 1944 228 2027; x_wconf 84' lang='lat' dir='ltr'><strong>quibus</strong></span> <span class='ocrx_word' id='word_1_150' title='bbox 250 1943 463 2027; x_wconf 85' lang='lat' dir='ltr'><strong>praecipiunt,</strong></span> <span class='ocrx_word' id='word_1_151' title='bbox 488 1957 521 2003; x_wconf 90' lang='lat' dir='ltr'><strong>ut</strong></span> <span class='ocrx_word' id='word_1_152' title='bbox 542 1942 679 2005; x_wconf 87' lang='lat' dir='ltr'><strong>oratione</strong></span> <span class='ocrx_word' id='word_1_153' title='bbox 701 1944 831 2027; x_wconf 83' lang='lat' dir='ltr'><strong>benigna</strong></span> <span class='ocrx_word' id='word_1_154' title='bbox 869 1946 971 2007; x_wconf 87' lang='lat' dir='ltr'><strong>multi·</strong></span> 
     </span>
     <span class='ocr_line' id='line_1_23' title="bbox 120 2027 970 2109; baseline 0.001 -19"><span class='ocrx_word' id='word_1_155' title='bbox 120 2029 237 2090; x_wconf 87' lang='lat' dir='ltr'><strong>tudinis</strong></span> <span class='ocrx_word' id='word_1_156' title='bbox 258 2030 375 2090; x_wconf 85' lang='lat' dir='ltr'><strong>animos</strong></span> <span class='ocrx_word' id='word_1_157' title='bbox 396 2028 434 2088; x_wconf 90' lang='lat' dir='ltr'><strong>ad</strong></span> <span class='ocrx_word' id='word_1_158' title='bbox 456 2027 698 2088; x_wconf 84' lang='lat' dir='ltr'><strong>benevolentiam</strong></span> <span class='ocrx_word' id='word_1_159' title='bbox 720 2029 880 2109; x_wconf 84' lang='lat' dir='ltr'><strong>alliciant,</strong></span> <span class='ocrx_word' id='word_1_160' title='bbox 910 2032 970 2094; x_wconf 90' lang='lat' dir='ltr'><strong>mi·</strong></span> 
     </span>
     <span class='ocr_line' id='line_1_24' title="bbox 119 2111 971 2197; baseline 0.004 -23"><span class='ocrx_word' id='word_1_161' title='bbox 119 2115 250 2197; x_wconf 88' lang='lat' dir='ltr'><strong>litesque</strong></span> <span class='ocrx_word' id='word_1_162' title='bbox 284 2114 394 2175; x_wconf 84' lang='lat' dir='ltr'><strong>blande</strong></span> <span class='ocrx_word' id='word_1_163' title='bbox 427 2113 609 2196; x_wconf 89' lang='lat' dir='ltr'><strong>appellando</strong></span> <span class='ocrx_word' id='word_1_164' title='bbox 644 2111 801 2176; x_wconf 87' lang='lat' dir='ltr'><strong>deliniant.</strong></span> <span class='ocrx_word' id='word_1_165' title='bbox 835 2140 853 2176; x_wconf 90' lang='lat' dir='ltr'><strong>e</strong></span> <span class='ocrx_word' id='word_1_166' title='bbox 884 2118 971 2195; x_wconf 87' lang='lat' dir='ltr'><strong>Quae</strong></span> 
     </span>
     <span class='ocr_line' id='line_1_25' title="bbox 121 2197 974 2264; baseline 0.006 -5"><span class='ocrx_word' id='word_1_167' title='bbox 121 2213 220 2261; x_wconf 89' lang='lat' dir='ltr'><strong>autem</strong></span> <span class='ocrx_word' id='word_1_168' title='bbox 245 2199 277 2259; x_wconf 93' lang='lat' dir='ltr'><strong>in</strong></span> <span class='ocrx_word' id='word_1_169' title='bbox 300 2197 497 2260; x_wconf 86' lang='lat' dir='ltr'><strong>multitudine</strong></span> <span class='ocrx_word' id='word_1_170' title='bbox 519 2221 588 2259; x_wconf 84' lang='lat' dir='ltr'><strong>oum</strong></span> <span class='ocrx_word' id='word_1_171' title='bbox 615 2199 808 2261; x_wconf 85' lang='lat' dir='ltr'><strong>contentione</strong></span> <span class='ocrx_word' id='word_1_172' title='bbox 843 2202 974 2264; x_wconf 84' lang='lat' dir='ltr'><strong>habetur</strong></span> 
     </span>
     <span class='ocr_line' id='line_1_26' title="bbox 123 2282 974 2368; baseline 0.004 -22"><span class='ocrx_word' id='word_1_173' title='bbox 123 2285 242 2362; x_wconf 66' lang='lat' dir='ltr'><strong>cratim,</strong></span> <span class='ocrx_word' id='word_1_174' title='bbox 265 2306 301 2344; x_wconf 89' lang='lat' dir='ltr'><strong>ea</strong></span> <span class='ocrx_word' id='word_1_175' title='bbox 323 2307 410 2368; x_wconf 89' lang='lat' dir='ltr'><strong>saepe</strong></span> <span class='ocrx_word' id='word_1_176' title='bbox 434 2283 600 2344; x_wconf 79' lang='lat' dir='ltr'><strong>universam</strong></span> <span class='ocrx_word' id='word_1_177' title='bbox 634 2282 755 2345; x_wconf 74' lang='lat' dir='ltr'><strong>excitat.</strong></span> <span class='ocrx_word' id='word_1_178' title='bbox 789 2285 896 2368; x_wconf 80' lang='lat' dir='ltr'><strong>Magna</strong></span> <span class='ocrx_word' id='word_1_179' title='bbox 928 2301 974 2350; x_wconf 87' lang='lat' dir='ltr'><strong>est</strong></span> 
     </span>
     <span class='ocr_line' id='line_1_27' title="bbox 125 2368 973 2453; baseline 0.002 -24"><span class='ocrx_word' id='word_1_180' title='bbox 125 2371 203 2453; x_wconf 80' lang='lat' dir='ltr'><strong>enirn</strong></span> <span class='ocrx_word' id='word_1_181' title='bbox 228 2368 391 2433; x_wconf 85' lang='lat' dir='ltr'><strong>admiratio</strong></span> <span class='ocrx_word' id='word_1_182' title='bbox 412 2369 558 2452; x_wconf 85' lang='lat' dir='ltr'><strong>copiose,</strong></span> <span class='ocrx_word' id='word_1_183' title='bbox 589 2368 801 2452; x_wconf 87' lang='lat' dir='ltr'><strong>sapienterque</strong></span> <span class='ocrx_word' id='word_1_184' title='bbox 822 2370 973 2451; x_wconf 81' lang='lat' dir='ltr'><strong>dicentis;</strong></span> 
     </span>
     <span class='ocr_line' id='line_1_28' title="bbox 126 2453 975 2541; baseline 0.001 -25"><span class='ocrx_word' id='word_1_185' title='bbox 126 2476 214 2538; x_wconf 84' lang='lat' dir='ltr'><strong>quem</strong></span> <span class='ocrx_word' id='word_1_186' title='bbox 225 2454 281 2537; x_wconf 87' lang='lat' dir='ltr'><strong>qui</strong></span> <span class='ocrx_word' id='word_1_187' title='bbox 293 2453 434 2530; x_wconf 85' lang='lat' dir='ltr'><strong>audiunt,</strong></span> <span class='ocrx_word' id='word_1_188' title='bbox 444 2453 610 2535; x_wconf 83' lang='lat' dir='ltr'><strong>intelligere</strong></span> <span class='ocrx_word' id='word_1_189' title='bbox 632 2454 723 2515; x_wconf 89' lang='lat' dir='ltr'><strong>etiam</strong></span> <span class='ocrx_word' id='word_1_190' title='bbox 737 2467 768 2516; x_wconf 83' lang='lat' dir='ltr'><strong>et</strong></span> <span class='ocrx_word' id='word_1_191' title='bbox 779 2477 882 2540; x_wconf 89' lang='lat' dir='ltr'><strong>sapere</strong></span> <span class='ocrx_word' id='word_1_192' title='bbox 894 2458 975 2541; x_wconf 80' lang='lat' dir='ltr'><strong>plus,</strong></span> 
     </span>
    </p>
   </div>
   <div class='ocr_carea' id='block_1_6' title="bbox 129 2658 978 2931">
    <p class='ocr_par' dir='ltr' id='par_1_6' title="bbox 129 2658 459 2712">
     <span class='ocr_line' id='line_1_29' title="bbox 129 2658 459 2712; baseline 0.009 -3"><span class='ocrx_word' id='word_1_193' title='bbox 129 2676 148 2709; x_wconf 83' lang='grc' dir='ltr'><em>α</em></span> <span class='ocrx_word' id='word_1_194' title='bbox 163 2658 264 2711; x_wconf 81' lang='lat' dir='ltr'><strong>Domus</strong></span> <span class='ocrx_word' id='word_1_195' title='bbox 280 2658 459 2712; x_wconf 79' lang='lat' dir='ltr'><strong>familiaritas.</strong></span> 
     </span>
    </p>

    <p class='ocr_par' dir='ltr' id='par_1_7' title="bbox 131 2724 978 2931">
     <span class='ocr_line' id='line_1_30' title="bbox 131 2724 975 2784; baseline 0.011 -9"><span class='ocrx_word' id='word_1_196' title='bbox 131 2726 147 2775; x_wconf 74' lang='lat' dir='ltr'><strong>i</strong></span> <span class='ocrx_word' id='word_1_197' title='bbox 163 2724 275 2778; x_wconf 83' lang='lat' dir='ltr'><strong>Crassus</strong></span> <span class='ocrx_word' id='word_1_198' title='bbox 293 2727 446 2779; x_wconf 88' lang='lat' dir='ltr'><strong>adolescens</strong></span> <span class='ocrx_word' id='word_1_199' title='bbox 464 2725 634 2780; x_wconf 80' lang='lat' dir='ltr'><strong>accusatione</strong></span> <span class='ocrx_word' id='word_1_200' title='bbox 652 2728 684 2781; x_wconf 79' lang='lat' dir='ltr'><strong>C.</strong></span> <span class='ocrx_word' id='word_1_201' title='bbox 704 2728 838 2780; x_wconf 84' lang='lat' dir='ltr'><strong>Carbonis</strong></span> <span class='ocrx_word' id='word_1_202' title='bbox 860 2730 975 2784; x_wconf 87' lang='lat' dir='ltr'><strong>nobilis·</strong></span> 
     </span>
     <span class='ocr_line' id='line_1_31' title="bbox 133 2793 978 2855; baseline 0.017 -14"><span class='ocrx_word' id='word_1_203' title='bbox 133 2806 137 2821; x_wconf 62' lang='lat'><em>¹</em></span> <span class='ocrx_word' id='word_1_204' title='bbox 164 2794 222 2845; x_wconf 82' lang='lat' dir='ltr'><strong>simi</strong></span> <span class='ocrx_word' id='word_1_205' title='bbox 240 2795 307 2846; x_wconf 83' lang='lat' dir='ltr'><strong>civis</strong></span> <span class='ocrx_word' id='word_1_206' title='bbox 324 2795 480 2848; x_wconf 83' lang='lat' dir='ltr'><strong>nobilitatus</strong></span> <span class='ocrx_word' id='word_1_207' title='bbox 554 2836 558 2843; x_wconf 36' lang='grc' dir='ltr'><em>Ι</em></span> <span class='ocrx_word' id='word_1_208' title='bbox 903 2793 907 2803; x_wconf 73' lang='grc'><strong>’</strong></span> <span class='ocrx_word' id='word_1_209' title='bbox 945 2828 978 2855; x_wconf 74' lang='grc'><strong>,-</strong></span> 
     </span>
     <span class='ocr_line' id='line_1_32' title="bbox 132 2861 978 2931; baseline 0.005 -20"><span class='ocrx_word' id='word_1_210' title='bbox 132 2878 149 2911; x_wconf 85' lang='lat' dir='ltr'><strong>c</strong></span> <span class='ocrx_word' id='word_1_211' title='bbox 164 2861 235 2912; x_wconf 85' lang='lat' dir='ltr'><strong>Cave</strong></span> <span class='ocrx_word' id='word_1_212' title='bbox 264 2863 525 2929; x_wconf 82' lang='lat' dir='ltr'><strong>impraemedr&#39;totum</strong></span> <span class='ocrx_word' id='word_1_213' title='bbox 554 2865 645 2931; x_wconf 77' lang='lat' dir='ltr'><strong>legas,</strong></span> <span class='ocrx_word' id='word_1_214' title='bbox 678 2871 707 2916; x_wconf 86' lang='lat' dir='ltr'><strong>ut</strong></span> <span class='ocrx_word' id='word_1_215' title='bbox 729 2881 820 2931; x_wconf 83' lang='lat' dir='ltr'><strong>magua</strong></span> <span class='ocrx_word' id='word_1_216' title='bbox 849 2866 978 2931; x_wconf 73' lang='lat' dir='ltr'><strong>quaedam</strong></span> 
     </span>
    </p>
   </div>
   <div class='ocr_carea' id='block_1_7' title="bbox 132 2928 961 3049">
    <p class='ocr_par' dir='ltr' id='par_1_8' title="bbox 132 2928 961 3049">
     <span class='ocr_line' id='line_1_33' title="bbox 167 2928 961 3000; baseline 0.009 -22"><span class='ocrx_word' id='word_1_217' title='bbox 167 2931 262 2980; x_wconf 72' lang='lat' dir='ltr'><strong>habent</strong></span> <span class='ocrx_word' id='word_1_218' title='bbox 281 2931 461 3000; x_wconf 81' lang='lat' dir='ltr'><strong>exemplaria:</strong></span> <span class='ocrx_word' id='word_1_219' title='bbox 481 2928 551 2985; x_wconf 79' lang='lat' dir='ltr'><strong>nihil</strong></span> <span class='ocrx_word' id='word_1_220' title='bbox 564 2950 635 2986; x_wconf 85' lang='lat' dir='ltr'><strong>curru</strong></span> <span class='ocrx_word' id='word_1_221' title='bbox 654 2951 715 2985; x_wconf 88' lang='lat' dir='ltr'><strong>curn</strong></span> <span class='ocrx_word' id='word_1_222' title='bbox 733 2949 811 2983; x_wconf 88' lang='lat' dir='ltr'><strong>sensu</strong></span> <span class='ocrx_word' id='word_1_223' title='bbox 829 2934 961 2987; x_wconf 79' lang='lat' dir='ltr'><strong>contenit</strong></span> 
     </span>
     <span class='ocr_line' id='line_1_34' title="bbox 132 2992 324 3049; baseline 0.021 -4"><span class='ocrx_word' id='word_1_224' title='bbox 132 2992 156 3045; x_wconf 81' lang='lat' dir='ltr'><strong>d</strong></span> <span class='ocrx_word' id='word_1_225' title='bbox 170 2997 324 3049; x_wconf 67' lang='lat' dir='ltr'><strong>affabilius.</strong></span> 
     </span>
    </p>
   </div>
   <div class='ocr_carea' id='block_1_8' title="bbox 136 3062 442 3136">
    <p class='ocr_par' dir='ltr' id='par_1_9' title="bbox 136 3062 442 3136">
     <span class='ocr_line' id='line_1_35' title="bbox 136 3062 442 3136; baseline 0.013 -18"><span class='ocrx_word' id='word_1_226' title='bbox 136 3080 152 3112; x_wconf 82' lang='lat' dir='ltr'><strong>e</strong></span> <span class='ocrx_word' id='word_1_227' title='bbox 167 3062 333 3136; x_wconf 77' lang='lat' dir='ltr'><strong>Eloquentia.</strong></span> <span class='ocrx_word' id='word_1_228' title='bbox 439 3086 442 3092; x_wconf 56' lang='lat'><strong><em>⁴</em></strong></span> 
     </span>
    </p>
   </div>
   <div class='ocr_carea' id='block_1_9' title="bbox 0 0 1209 3567">
    <p class='ocr_par' dir='ltr' id='par_1_10' title="bbox 0 0 1209 3567">
     <span class='ocr_line' id='line_1_36' title="bbox 0 0 1209 3567; baseline 0 0"><span class='ocrx_word' id='word_1_229' title='bbox 0 0 1209 3567; x_wconf 95' lang='lat' dir='ltr'><strong> </strong></span> 
     </span>
    </p>
   </div>
  </div>
 </body>
</html>
