2359 3567
227 93 287 161 236
477 119 735 160 maurannetus

69 203 93 215 ·’
185 184 331 259 liaberet,
353 203 414 242 non
435 195 544 265 posset
555 170 673 244 (licere.
694 199 726 243 et
755 181 785 242 in
815 181 874 244 illis
903 184 1027 267 quidem

185 267 323 351 parandis
344 287 445 326 curam
477 266 646 342 adhibere,
679 267 709 327 in
746 267 849 332 amitis
880 268 1028 351 eligendis
1096 321 1101 332 .

186 350 365 433 negligentes
386 371 464 425 esse;
487 372 541 410 nec
553 313 664 412 habeis
676 351 759 430 quasi
781 351 863 432 signa
861 352 1028 433 quaedam

187 448 219 494 et
241 447 346 504 notas,
369 432 477 514 quibus
497 456 572 510 eos,
596 434 649 516 qui
676 431 714 492 ad
736 435 902 495 amicitiam
931 449 1029 497 essent
1108 446 1110 451 ’

187 518 309 594 idonei,
332 515 506 578 iudicarent.
530 478 608 577 Stint
630 519 720 599 igitur
741 517 830 581 firmi.
840 531 871 578 et
892 517 1029 596 stabiles,
1093 561 1097 568 .

189 614 220 662 et
241 604 407 663 constantes
428 601 582 681 eligendi,
620 602 704 662 cuius
737 600 853 682 generis
886 614 931 662 est
963 624 1029 661 ma-

159 708 246 769 'gna
268 687 410 767 penuria:
433 707 461 749 a
484 698 514 744 et
542 684 674 746 iudicare
703 684 823 744 difficile
857 695 914 743 est'
934 705 1029 765 sane,

189 771 245 836 nisi
267 783 434 851 expertum.
454 767 675 850 Experienvlum
700 781 800 828 autem
829 780 874 827 est
902 767 932 827 in
967 769 1034 849 ipsa

189 854 339 913 amicitia.
363 854 404 912 ita
423 852 588 936 praecurrit
620 852 749 912 amicitia
780 851 946 925 iudicium,
971 850 1031 911 tol·

190 936 284 1017 litque
306 936 477 1017 experiendi
493 948 681 1018 potestatem
704 936 774 995 Est
766 936 856 1016 ruitur
876 898 1034 1018 prurientis

151 1021 353 1099 -Jsustinere,
369 1033 404 1081 ut
415 1042 548 1095 cursum
565 1022 605 1079 sic
606 1021 771 1118 impetunt
786 1018 1030 1081 benevolentiae:

15 1099 18 1105 ¹
98 1161 101 1165 ,
191 1126 253 1185 quo
275 1118 414 1177 utamur,
436 1105 519 1185 quasi
543 1105 628 1184 equis
650 1105 791 1177 tentatis,
813 1104 854 1162 sic
874 1103 1031 1179 amicitiis,
1109 1127 1114 1135 ·

191 1187 293 1269 aliqua
314 1201 399 1270 parte
422 1188 593 1268 periclitatis
615 1187 937 1247 moribusamicorum
942 1187 1032 1267 Qui·
1083 1258 1086 1259 ⁷
1178 1194 1179 1203 ’

190 1270 260 1332 dam
282 1276 370 1353 saepe
391 1274 423 1331 in
444 1294 534 1355 parva
555 1294 681 1354 pecunia
693 1271 927 1352 perspiciuntur
940 1291 1034 1352 quam

118 1382 120 1386 ,
192 1358 250 1416 sint
279 1357 378 1415 leves.
413 1356 562 1436 quitiam,
596 1376 671 1435 quos
699 1376 790 1437 parva
821 1376 939 1427 movere
967 1374 1034 1414 ιιοιι

190 1438 314 1522 potuit,
335 1453 553 1539 cognoscuntur
574 1438 606 1498 iu
630 1462 744 1522 magna.
767 1438 822 1497 Sin
852 1460 920 1497 vero
941 1450 1032 1498 eruut
1102 1467 1105 1473 ’

183 1522 286 1604 ‘aliqui
309 1525 438 1605 reperti,
461 1522 513 1604 qui
535 1523 693 1605 pecuniam
716 1522 871 1606 praeferre
885 1522 1033 1582 amicitiae

192 1606 346 1685 sordidum
369 1608 564 1680 existiment,
583 1607 637 1666 ubi
666 1612 716 1667 eo's
752 1608 957 1681 inveniemus,
980 1606 1034 1686 qui

193 1689 348 1773 honores,
371 1691 581 1771 magistratus,
604 1691 747 1773 imperia,
770 1699 947 1772 potestates,
963 1712 1036 1770 opes

193 1768 341 1844 amicitiae
362 1797 421 1834 non
443 1775 658 1874 anteponent?
677 1776 746 1850 Vt,
763 1796 857 1854 quum
878 1795 915 1834 ex
935 1772 1039 1833 altera
1055 1777 1067 1831 .“

194 1871 279 1938 palte
301 1859 450 1941 proposita
467 1859 572 1919 baec'
551 1873 624 1934 siut,
641 1881 678 1925 ex
700 1858 851 1918 alteratus
866 1856 1033 1931 amicitiae,

195 1963 256 2002 non
279 1942 374 2003 multo
397 1944 447 2004 illa
470 1940 600 2020 malint?
626 1942 779 2002 lmbecilla
813 1941 892 2002 enim
925 1953 1035 2014 natura

195 2024 299 2087 estad
321 2014 567 2085 contemnendam
590 2027 774 2125 potentiam·
788 2047 878 2106 qnam
901 2024 988 2083 etiarn
1011 2023 1036 2082 si

133 2174 136 2179 ,
200 2096 333 2189 neglecta
344 2111 472 2171 amicitia
484 2111 635 2174 consecuti
649 2122 733 2182 sunt,
749 2108 962 2169 obscuratum'
954 2129 990 2167 rra
1002 2127 1033 2171 se
1124 2164 1145 2175 ,,

195 2191 393 2267 arbitrantur,
415 2194 485 2274 quia
507 2216 569 2257 non
590 2194 652 2253 sine
674 2214 777 2274 magna
800 2213 900 2250 caussa
923 2190 960 2248 sit
982 2212 1034 2251 ne·

196 2274 300 2356 glecta.
323 2275 429 2355 ltaque
458 2298 545 2339 verae
567 2277 714 2337 amicitiae
742 2275 916 2335 difficillime
950 2296 1035 2357 repe·

196 2359 313 2418 liuntur
335 2357 366 2417 in
388 2359 444 2434 iis,
467 2362 519 2460 qui
541 2361 571 2418 in
593 2361 756 2420 honoribus
768 2380 891 2458 reque
912 2357 1034 2439 publica

200 2453 359 2504 versantur
380 2440 441 2506 Vbi
460 2445 541 2503 enim
553 2444 640 2503 istum
662 2444 808 2519 invenias,
821 2465 875 2523 qur
864 2441 1033 2500 honorem

153 2534 172 2591 ’,
197 2527 283 2585 amici
304 2538 466 2607 anteponat
487 2549 542 2586 suo
552 2527 704 2601 iQuid?
721 2527 803 2588 llaec
826 2537 859 2584 ut
879 2526 1031 2599 omittam,

198 2630 287 2689 quarn
309 2632 432 2689 graves,
455 2632 544 2690 quam
568 2611 701 2670 difficiles
722 2610 870 2692 plerisque
895 2608 1057 2675 videntur'

198 2693 399 2767 calamitatum
421 2696 603 2755 societates?
627 2694 673 2753 Ad
695 2717 769 2774 quas
791 2715 851 2751 non
873 2706 917 2750 est
946 2689 1032 2750 facile

184 2776 352 2853 inventus,
369 2800 420 2859 qur
410 2776 600 2843 'descendat
612 2780 802 2863 Quamquam
814 2777 927 2840 Ennius
942 2787 1036 2839 recte·

160 3004 164 3009 .
197 2956 347 3020 aDifficile
365 2964 402 3016 eat
420 2959 535 3016 amicum
551 2959 677 3032 iudicare

228 3042 234 3069 l
