2359 3567
419 262 746 321 mumm·
875 258 971 347 mu

129 365 216 429 posse
237 343 323 405 nullo
345 342 444 406 modo.
466 344 647 425 Quanquam
670 340 804 428 intelligo
821 343 852 406 in
875 363 975 412 nostra

130 429 251 491 civitate
291 430 471 491 inveterasse
506 428 567 488 iam
598 451 616 489 a
649 427 737 489 bonis
763 432 974 513 temporibus,

130 527 164 574 nt
186 513 329 597 splendor
350 512 555 576 AEdilitatum
588 512 627 572 ab
660 512 784 596 optimis
813 515 884 575 viris
916 541 974 602 po-

129 600 270 660 stuletur.
292 598 399 681 Itaque
431 612 462 659 et
483 597 518 658 P.
540 595 662 657 Crassus
697 618 766 657 eum
797 604 977 682 cognomine

130 681 235 760 dives,
259 695 324 742 tum
346 682 455 766 copiis,
478 681 599 755 functus
620 693 664 743 est
685 682 824 745 aedilitio
845 689 974 749 maximo
1010 684 1013 693 Δ

129 789 263 828 munere.
286 766 325 826 Et
346 767 449 852 paullo
471 779 538 850 post
551 764 587 826 L.
611 765 733 827 Crassus
746 789 816 829 oum
837 771 974 833 omnium

129 851 289 913 bominum
311 851 544 913 moderatissimo
565 851 605 929 Q.
627 851 726 912 Mucio
747 854 975 936 magnilioentis·

128 935 203 995 sima
231 934 384 998 aedilitate
406 936 525 997 functus
546 946 612 996 ests
635 934 745 1000 deinde
766 934 800 998 C.
827 936 973 1001 Claudius

50 1028 53 1032 '
127 1020 223 1102 Appii
239 1019 345 1082 dlius:
365 1020 453 1082 multi
475 1033 568 1103 post,
596 1019 742 1098 Luculli,
772 1021 972 1102 Hortensius,

128 1104 259 1165 silanus.
281 1105 394 1166 Omnes
415 1117 515 1166 antem
538 1104 572 1166 P.
588 1103 755 1183 Lentulus,
771 1128 819 1167 me
830 1109 972 1186 consule,

84 1237 89 1241 .
128 1189 200 1248 sicit
222 1190 399 1270 superiores.
422 1188 512 1251 Hune
533 1201 578 1250 est
598 1189 728 1251 Scaurus
744 1190 888 1255 imitatus.
911 1194 972 1255 Ma·

82 1298 88 1303 ·
127 1272 367 1354 gnificentissima
389 1288 460 1335 sero
482 1274 575 1334 nostri
601 1273 740 1358 Pompeii
771 1297 895 1339 munera
928 1302 972 1339 se·

107 1356 226 1418 'eundo
247 1361 425 1420 consulatu:
448 1358 479 1420 in
501 1357 612 1439 quibus
634 1359 775 1419 omnibus
796 1361 870 1442 quid
898 1363 980 1423 mihi·

93 1448 97 1451 “
125 1442 265 1524 placeat,
286 1442 379 1505 rides.
401 1442 548 1505 Vitanda
563 1454 664 1503 tamen
685 1457 730 1504 est
751 1444 878 1526 suspicio
898 1469 970 1508 ara·

125 1526 221 1588 ritiae.
252 1526 400 1590 Mamerco
422 1527 538 1605 bomini
572 1525 719 1588 ditissimo
751 1531 971 1611 praetermissio

125 1611 290 1675 aedilitatis
310 1612 480 1675 consulatus
501 1611 651 1695 repulsam
680 1613 792 1674 attulit.
813 1610 841 1674 'a
869 1617 970 1692 Quare

29 1762 33 1767 ,
125 1709 154 1756 et
175 1697 200 1757 si
223 1698 431 1780 postulatura
460 1698 599 1782 populo,
629 1695 716 1757 bonis
751 1697 819 1758 siris
851 1700 889 1759 si'
909 1723 970 1762 non

90 1780 96 1788 ’
125 1779 383 1860 desiderantibus,
405 1796 538 1865 attamen
564 1762 826 1865 approbaitibus,
855 1784 969 1847 lacien-

125 1865 197 1927 dum
219 1866 285 1943 est,
307 1868 398 1930 modo
420 1890 474 1952 pro
504 1866 722 1943 facultatibus,
760 1879 794 1928 nt
827 1890 881 1931 nos
913 1872 970 1955 ipsi
1010 1874 1013 1881 “

124 1948 271 2028 fecimus3
293 1965 324 2014 et
346 1953 370 2012 si
391 1950 513 2036 qnando
534 1949 639 2035 aliqua
660 1974 706 2012 res
727 1951 846 2029 maior,
876 1967 970 2039 atque

125 2034 233 2096 utilior
251 2035 392 2123 populari
414 2036 570 2119 largitione
591 2035 775 2119 aequiritur:
810 2050 844 2098 ut
870 2039 968 2103 Oresti
1052 2044 1055 2055 '

124 2141 222 2202 nuper
232 2120 358 2203 prandia
369 2122 386 2182 b
397 2121 429 2182 in
445 2119 557 2183 semitis
570 2118 715 2183 decumae
728 2121 850 2205 nomine
862 2146 969 2206 magno
1047 2201 1050 2204 Ι

124 2201 233 2265 bonori
254 2205 386 2269 luerunt.
421 2205 465 2269 Ne
498 2205 600 2266 Marco
635 2205 757 2288 quidem
790 2206 859 2268 Seio
893 2211 970 2272 vitio

124 2286 230 2354 datum
252 2302 317 2369 est,
339 2289 423 2375 qnod
445 2292 477 2352 in
500 2290 624 2352 caritate
644 2310 661 2348 o
683 2312 747 2351 asse
769 2292 901 2354 modium
915 2316 970 2376 po-

124 2374 196 2455 pulo
220 2373 313 2438 dedit.
337 2375 443 2458 Magna
463 2375 543 2436 enim
566 2397 597 2435 se
618 2388 648 2434 et
660 2371 825 2436 inveterata
837 2378 967 2457 invidia,

124 2479 178 2517 nee
202 2460 284 2543 turpi
306 2460 436 2537 iactura,
449 2458 569 2542 quando
592 2472 656 2520 erat
675 2460 802 2533 aedilis,
824 2485 879 2524 nee
901 2487 966 2526 ma-

124 2541 205 2601 xima
227 2543 374 2607 liberarit.
396 2543 457 2608 Sed
477 2544 585 2608 honori
606 2566 721 2607 sommo
743 2565 841 2644 nuper
864 2562 970 2612 nostro
1031 2588 1037 2599 ·

124 2624 229 2688 tritoni
259 2628 342 2708 luit,
370 2629 453 2713 quod
482 2628 697 2729 gladiatoribus
726 2641 813 2690 emus
846 2632 968 2718 reipub.

124 2829 140 2865 a
167 2811 295 2864 Honestis
322 2813 356 2866 de
377 2813 478 2866 caussis
499 2814 641 2869 faciendae
665 2812 859 2887 nonnunquam
882 2816 966 2886 largi·

155 2880 263 2941 tiones,
279 2880 328 2932 scd
344 2881 474 2934 modicae.
586 2880 616 2949 ,¹¹
1011 2886 1013 2889 ’

124 2946 214 3000 lidos
231 2949 357 3017 antiquus
374 2949 627 3016 decimampartem
649 2950 762 3004 Herculi
789 2966 967 3013 consecrare,
1012 2970 1016 2977 *

153 3023 183 3067 ut
199 3015 381 3082 ditescerent,
399 3018 472 3069 unde
490 3016 642 3085 decimam,
660 3018 842 3071 Herculanam
861 3025 967 3087 partem

93 3108 97 3119 ι
152 3082 267 3136 Plautus
284 3084 417 3136 nominat.

122 3152 222 3208 sAssis
239 3151 286 3206 bio
303 3169 410 3217 ameum
428 3152 597 3212 nummolum
615 3151 756 3221 signifieat.

770 3220 838 3282 1²5
