2359 3567
430 153 489 196 mr.
510 152 523 192 ι
543 152 607 195 err.
628 150 693 194 um.
906 132 949 214 ⁸9

132 219 214 278 u‘nut.
240 215 327 296 Quae
359 238 431 280 vero
468 240 552 279 more
588 231 744 299 aguntur,
778 216 992 301 institutisque

131 302 331 376 siriiibus‚de
354 302 392 363 iis
403 304 480 365 nibil
494 317 539 365 est
552 299 815 386 praecipientium.
829 302 883 363 ttts
900 305 985 363 enim

129 384 196 465 ipsa
220 400 382 471 praecepta
403 402 494 449 sunt:
512 410 568 450 nec
590 409 775 470 quemquam
799 388 855 447 boc
877 408 988 448 errore

132 468 205 529 duci
226 484 372 553 oportet,
396 485 430 532 ut
451 473 477 532 si
500 472 574 556 quid
596 494 616 531 a
638 471 796 545 Socrates,
824 483 879 531 aut
911 471 987 530 Ari·

132 553 251 637 stippus
272 570 378 617 contra
401 578 537 634 morem,
560 556 875 638 consuetudinemque
912 554 989 614 civi·

131 636 193 696 iem
217 638 347 701 fecerint
360 685 372 712 ,
393 640 524 702 locutive
548 643 632 715 siut,
655 641 736 702 idem
761 640 820 700 sibi
856 639 990 699 arbitre-

79 778 84 785 .
132 732 184 781 tur
206 722 310 787 licere.
331 724 448 805 Magnis
469 727 540 798 itti,
574 739 607 785 et
640 724 752 784 divinis
786 723 875 783 bonis
912 722 992 783 bane
1047 733 1051 739 '

130 803 290 868 licentiam
312 810 563 891 assequebantur.
585 810 603 869 b
625 806 808 890 Cynicorum
825 829 897 868 vero
911 807 994 867 ratio

132 899 198 950 tota
213 903 266 950 >est
286 892 459 953 eiicienda:
482 908 528 954 est
549 891 631 955 euim
644 895 769 956 inimica
787 890 994 952 verecundiae

130 973 281 1059 sineque
304 977 384 1039 nibil
405 985 521 1040 rectum
544 1002 608 1040 esse
639 991 762 1062 potest,
784 977 862 1037 nihii
893 976 993 1036 bone·

130 1069 224 1120 stum.
246 1084 262 1120 c
285 1060 345 1124 Eos
366 1076 489 1138 antem,
509 1064 725 1146 quorumrita
761 1073 919 1145 perspecta
958 1060 994 1120 iu

131 1143 403 1224 rebusironestis,
426 1162 520 1230 atque
541 1149 658 1231 maguis
680 1164 746 1223 est,
769 1147 847 1206 bene
860 1146 898 1204 de
922 1165 992 1232 περ’.

88 1253 93 1262 ’
133 1228 325 1308 sentientes,
348 1254 383 1292 ac
406 1233 611 1295 benemeritos
623 1279 633 1306 ‚
656 1245 717 1296 ant.
733 1243 910 1302 merentes,
947 1229 1015 1287 si·-

133 1325 187 1371 cut
207 1314 311 1396 atiquo
334 1315 471 1391 bonore,
492 1331 546 1378 ant
567 1317 700 1399 imperio
716 1316 860 1385 affectos,
883 1314 992 1373 obser·

130 1417 207 1456 vare
222 1442 232 1473 ‚
247 1395 286 1458 'et
307 1399 409 1461 colere
431 1401 599 1464 debemus:
624 1400 762 1461 tribuere
784 1398 876 1458 etiam
915 1396 994 1455 mui-

131 1491 201 1541 tum
222 1485 391 1545 senectuti:
415 1485 524 1546 cedere
546 1487 607 1561 iis,
630 1485 683 1568 qui
707 1484 915 1565 magistratum
938 1481 994 1539 ha·
1058 1533 1062 1538 .

129 1566 264 1627 hebone:
294 1569 408 1630 babere
429 1571 580 1632 deiectum
604 1572 679 1631 civis
699 1583 730 1631 et
760 1565 934 1652 peregrini:
959 1564 994 1625 in

129 1651 261 1732 ipsoque
323 1655 444 1734 tegrino
466 1656 652 1739 privatimne
667 1701 677 1727 ,
709 1677 747 1715 un
782 1652 904 1736 publice
938 1670 991 1706 re·

129 1738 236 1810 nerim
257 1676 492 1817 assummum,
512 1762 554 1801 ue
574 1762 662 1821 agam
677 1739 716 1798 de
733 1738 862 1819 singulis
873 1780 883 1806 ,
907 1755 992 1792 com-

128 1839 257 1880 munem
280 1825 371 1883 totius
392 1827 511 1904 generis
534 1826 692 1885 hominum
713 1821 991 1889 conciliationem,

129 1915 165 1962 ot
171 1908 427 1974 consociationem
440 1909 543 1971 colere
556 1949 569 1985 ς
580 1909 679 1984 tueri,
692 1928 813 1970 serrare
827 1904 979 1965 debemus

438 2061 575 2138 cmvr
593 2043 686 2138 nur.

245 2156 335 2242 Quae
352 2171 454 2236 artes,
474 2173 505 2221 et
526 2161 580 2243 qui
602 2172 745 2242 quaestus
758 2154 876 2220 sordidi

383 2245 438 2326 qui
459 2258 566 2306 contra
587 2245 740 2305 liberales.

175 2406 241 2470 iam
263 2408 301 2471 de
323 2411 479 2488 artificiis,
503 2425 534 2473 et
555 2413 754 2496 quaestibus,
777 2409 830 2493 qui
846 2409 993 2473 liberates

131 2492 270 2554 habendi
288 2543 302 2572 ,
323 2498 376 2580 qui
400 2498 516 2562 sordidi
539 2500 619 2574 sint,
642 2496 991 2578 baeet'ereacccpimus.

130 2575 273 2638 Primum
291 2580 504 2667 improbantur
525 2584 550 2644 ii
570 2595 735 2666 quaestus,
767 2578 821 2661 qui
856 2578 888 2638 in
918 2581 991 2638 odia

131 2659 293 2725 hominnm
315 2666 494 2742 incurrunt,
514 2678 549 2728 ut
571 2668 775 2752 portitorum,
797 2675 832 2722 ut
854 2663 989 2724 ioenera-

132 2841 154 2876 α
169 2823 294 2883 Socrates
310 2850 371 2885 rcus
393 2836 501 2899 foetus,
529 2835 604 2904 quod
632 2828 836 2886 Atheniensium
865 2827 988 2879 instituta
1024 2842 1027 2846 ¹

204 2906 393 2953 contemneret.
484 2932 488 2939 ·

134 2955 331 3025 &Cynicorum
342 2971 514 3037 institutum,
533 2970 659 3038 qouniam
676 2968 801 3019 abhorret
818 2962 853 3013 ob
875 2960 990 3011 humana

118 3089 123 3102 x
208 3040 366 3090 verecundia
383 3039 564 3090 reiiciendum.

137 3116 156 3150 θ
173 3092 248 3163 Quid
265 3122 327 3173 ergo
343 3122 475 3177 quamque
492 3121 631 3175 pesonam
647 3101 749 3155 decen.
799 3176 803 3210 1
