2359 3567
343 108 483 159 nisurus,
506 104 569 145 srrr
593 103 629 147 nr
651 103 730 145 sura.
871 106 932 161 2⁰9

131 194 200 234 eum
250 191 416 231 sermonem
456 169 542 229 illum
570 166 728 242 incidere,
751 166 803 247 qni
827 177 891 227 tum
914 168 979 230 sere

130 256 233 319 multis
257 268 321 315 erat
356 255 388 317 iu
409 276 471 325 ore.
493 230 654 314 Meministi
678 251 780 324 euim,
803 252 922 329 Attice,
944 265 978 313 et
1045 258 1049 275 ¹

131 361 169 405 eo
191 339 304 420 tnagis,
338 336 420 419 quod
441 360 461 398 a
482 335 518 397 Ρ.
540 334 675 417 Sulpicio
697 334 821 396 utebare
844 335 975 397 multum

130 445 226 505 quum
247 425 272 483 is
294 420 431 482 tribunus
451 417 538 483 Pleb.
551 418 670 500 capitali
693 418 763 478 odio
784 441 802 477 a
823 418 865 496 Q.
887 420 976 481 Pom·
1004 436 1013 465 x

130 507 222 588 pelo,
244 507 297 590 qui
319 518 384 567 tum
405 514 471 566 erat
491 504 619 578 consul,
644 502 829 576 dissideret,
851 503 975 584 quicum

130 590 399 664 coniunctissime,
442 601 474 649 et
494 586 694 648 amantissime
716 588 856 662 vixerat,
878 609 975 668 qsran·

130 686 165 732 ta
186 674 342 751 hominum
378 686 456 735 esset
479 671 525 732 rel
547 670 730 748 admiratio,
755 670 802 730 rel
824 671 976 751 quaerela.

131 755 239 839 Itaque
263 773 324 818 tum
348 756 504 827 Scaevola,
519 777 614 836 quum
637 757 667 814 iu
688 777 755 815 eam
777 755 869 838 ipsam
894 779 977 816 men·

131 842 243 909 tionem
264 840 436 925 incidisset,
452 840 592 921 exposuit
603 838 687 899 nobis
707 861 875 899 sermonem
898 841 977 901 Lae-

125 922 165 995 lii
187 923 226 986 de
259 925 390 1000 amicitia
419 924 556 1000 habitum
577 923 616 982 ab
638 922 692 983 illu
714 945 832 998 seeum,
855 935 977 993 etcum

131 1010 227 1068 attero
248 1031 359 1091 genero
380 1007 416 1067 C.
438 1007 553 1068 Fannio
585 1007 678 1068 Marci
700 1007 763 1066 filio
784 1009 885 1089 paucis
908 1008 975 1091 die·
1016 1038 1018 1045 ι

131 1089 187 1151 bus
209 1107 276 1174 post
297 1104 425 1161 mortem
438 1090 584 1152 Africani,
599 1091 669 1152 Eius
682 1089 890 1173 disputationis
911 1114 977 1152 seu-

132 1176 240 1237 tentius
303 1176 465 1236 memoriae
511 1174 649 1234 mandavi
674 1221 684 1251 ,
729 1197 804 1255 quas
846 1169 877 1235 iu
920 1177 981 1249 hoc,

39 1280 43 1283 ·
131 1254 209 1329 libro
245 1261 370 1341 exposui
406 1281 474 1319 meo
506 1257 664 1318 arbitratu.
701 1258 795 1336 Quasi
816 1261 901 1319 euim
928 1259 976 1341 ip·

131 1363 179 1423 sos
200 1343 305 1403 induri
326 1343 508 1425 loquentes,
524 1364 584 1418 ne,
598 1342 745 1424 inquam,
767 1342 888 1424 inquit,
904 1364 977 1411 sae·

131 1427 199 1507 pius
219 1427 488 1509 interponerentur.
502 1427 603 1508 Atque
625 1439 659 1486 ut
681 1439 831 1507 tamquam
853 1427 980 1508 aprae-

132 1513 273 1574 aentibus
288 1534 387 1572 coram
410 1511 517 1572 haberi
547 1531 644 1570 sermo
678 1509 839 1573 rideretur.
871 1512 977 1589 Quum

132 1595 214 1656 enim
248 1619 336 1678 saepe
366 1614 483 1658 mecum
512 1617 621 1685 agere,
642 1595 762 1669 Attice,
785 1607 819 1655 ut
840 1594 878 1654 de
900 1596 976 1665 arni·

131 1680 202 1745 sitia
223 1680 381 1763 scriberem
403 1678 535 1763 aliquid,
559 1679 648 1761 digna
660 1680 733 1739 mihi
755 1699 803 1738 res
824 1680 892 1740 c‘um
914 1670 978 1740 oui·

132 1765 217 1825 nium
252 1764 443 1846 cognitione,
472 1777 536 1846 tum
571 1777 671 1824 nostra
692 1763 893 1824 familiaritate
916 1766 977 1825 risa

134 1861 199 1908 est:
221 1849 324 1929 itaque
346 1846 401 1909 leci
423 1870 482 1907 non
492 1847 625 1925 inritus,
647 1860 682 1907 ut
704 1846 874 1931 prodessem
896 1849 977 1910 mul·
1032 1860 1034 1864 ’

28 1930 58 1946 ’“
133 1933 171 1993 tis
206 1944 258 1990 tuo
287 1946 401 2014 rogatu.
424 1930 485 1993 Sed
508 1933 595 1992 utin
628 1929 742 1992 Catone
766 1934 900 2008 maiore,
923 1933 975 2014 qui

133 2029 182 2076 est
204 2013 328 2096 scriptus
348 2014 386 2078 ad
410 2030 439 2076 te
460 2014 499 2074 de
514 2027 677 2090 senectute,
701 2016 847 2077 Catonem
870 2015 977 2078 induxi

133 2119 241 2161 senem
261 2097 474 2184 disputantem:
499 2101 569 2180 quia
592 2099 675 2159 nulla
701 2098 858 2162 videbatur
878 2100 977 2181 aptior

135 2187 290 2266 persona,
319 2207 396 2266 quae
417 2183 455 2243 de
469 2182 522 2243 illa
545 2196 642 2244 aetate
655 2178 863 2264 loqueretur,
885 2207 977 2267 quam

135 2270 222 2341 eius,
245 2267 298 2348 qui
320 2282 351 2328 et
372 2266 535 2329 diutissime
557 2290 649 2328 senex
671 2267 787 2344 fuisset,
810 2281 840 2329 et
862 2271 893 2329 iu
914 2271 978 2350 ipsa

136 2344 291 2411 senectute
312 2373 384 2434 prae
392 2344 509 2413 ”ceteris
531 2351 696 2415 floruisset:
718 2352 759 2412 sic
781 2376 875 2436 quum
897 2376 980 2413 acce·

136 2437 281 2516 pissemus
310 2457 328 2497 a
361 2438 516 2518 patribus,
549 2432 726 2496 amaxime'
751 2436 978 2497 memorabilem

139 2519 174 2593 C.
196 2518 315 2605 Laelii,
344 2532 380 2585 et
401 2519 436 2582 P.
459 2518 606 2603 Scipionis
629 2518 861 2582 familiaritatem
889 2519 981 2581 fuisse

115 2832 158 2869 ⁴a
174 2817 204 2870 P.
241 2814 400 2885 Sulpicius,
418 2784 460 2869 et,
473 2814 508 2889 Q
527 2815 689 2885 Pompeios,
713 2835 829 2886 quorum
847 2817 915 2869 alter
933 2815 1013 2869 tri«-
1058 2860 1063 2869 .

207 2885 319 2950 bunos,
337 2884 404 2936 alter
421 2902 485 2939 vero
502 2888 597 2936 consul
615 2885 675 2936 fuit.

143 2950 158 3001 l
177 2950 207 3003 C.
228 2950 316 3019 Lelii,
334 2959 362 3004 et
379 2952 407 3008 P.
427 2951 565 3023 Scipionis
583 2950 757 3006 familiaritas.
