2359 3567
233 130 274 190 92
443 130 786 179 mucianuecme.
870 142 874 148 ’

190 190 325 260 dentiam
359 193 466 270 enim,
500 218 592 277 quarn
629 200 756 260 Graeci>
779 197 912 279 epirum
946 199 1042 262 aliar!

213 277 352 337 uamdam
375 278 589 359 intelligimus,
612 306 690 367 quae
712 296 758 343 est
780 297 1042 364 rerumexpeten·

190 299 325 436 darum,
348 361 619 448 fugiendarumque
635 368 778 446 scientia.
801 363 858 425 llla
882 379 984 425 autem
997 391 1055 427 so·r

189 445 329 529 pientia,
353 467 444 528 quam
466 449 635 532 principem
657 451 748 525 dixi,
769 470 871 509 rerum
894 463 941 509 est
962 451 1044 511 divi·

189 530 317 607 narum,
339 543 431 613 atque
452 530 652 596 humanarum
668 536 817 608 scientia,
839 535 872 592 in
891 555 951 614 qua
967 557 1043 594 con-

192 615 307 680 tinerur
342 615 487 695 deorum,
517 620 727 679 et'lrominum
761 618 989 693 communitas,
1015 631 1046 678 et

191 701 319 759 societas
341 701 423 764 inter
445 703 533 785 ipsos.
556 702 600 764 Ea
623 706 646 770 si
670 705 800 764 maxima
828 713 897 775 est,
933 715 969 762 ut
1000 714 1048 763 est

192 798 299 857 certe3
323 806 444 847 necesse
466 800 529 860 est,
551 788 633 869 quod
657 812 674 849 a
697 786 914 848 communitate
946 786 1044 847 duca·

190 879 242 929 tur
265 868 423 945 ollicium,
445 870 477 931 id
499 893 563 931 esse
585 875 762 933 maximum.
784 870 906 930 Etenim
941 872 1056 951 cogni-2

191 953 258 1025 tio,
292 955 569 1038 contemplatioque
606 968 736 1018 naturae·
766 976 881 1015 maneav
908 954 1048 1034 quodam

191 1036 307 1109 mode,
330 1050 422 1120 atque
445 1040 587 1100 inchoata
609 1042 666 1118 sit,
690 1041 715 1100 si
738 1040 824 1100 nulla
847 1038 927 1098 aetio
944 1062 1049 1100 rerum

193 1134 418 1203 consequatur:
442 1145 477 1183 ea
494 1137 596 1184 autem
619 1129 699 1185 actio
721 1126 753 1184 in
777 1125 934 1185 hominum
962 1145 1049 1183 com·

193 1199 291 1266 modis
315 1206 434 1267 tuendis
455 1208 586 1268 maxime
609 1211 764 1271 cernitur:
786 1207 930 1292 pertinet,
954 1208 1051 1288 igitur

192 1289 232 1350 ad
254 1291 426 1351 societatem
447 1295 564 1373 generis
587 1294 732 1367 humani3
756 1315 829 1375 ergo
850 1292 926 1351 haec
941 1293 1050 1373 cogni·

193 1375 271 1434 tioni
293 1377 505 1458 anteponenda
528 1391 589 1451 est,
612 1375 703 1460 atque
725 1378 756 1437 id
771 1378 901 1460 optimus
918 1377 1051 1457 quisque

125 1473 143 1500 *f
193 1481 229 1519 re
252 1463 317 1542 ipsa
339 1462 472 1520 ostendit
493 1474 524 1520 et
546 1462 671 1522 iudicat.
693 1463 769 1540 Quis
791 1474 837 1522 est
871 1461 952 1519 enirn
990 1464 1051 1519 tam

195 1543 324 1626 cupidus
346 1547 377 1604 in
400 1545 609 1628 perspicienda
637 1546 911 1626 eognoscendaque
942 1565 1051 1604 rerum

195 1642 325 1702 natura,
345 1643 380 1689 ut
400 1631 424 1688 si
447 1630 476 1687 ei
500 1632 665 1703 tractanti,
688 1629 970 1711 contemplantique
999 1649 1051 1689 res
1082 1677 1084 1680 .

196 1713 601 1794 coguitione‘dignissimas,
620 1715 721 1790 subito
752 1715 784 1776 lit
820 1712 956 1772 oblatum
993 1736 1050 1795 pe·

196 1799 350 1872 ticulum,
383 1798 603 1880 discrimenque
624 1800 757 1882 patriae,
788 1799 836 1857 eui
863 1797 1053 1874 subvenire,

197 1883 403 1965 opitularique
425 1883 535 1965 possit,
558 1905 620 1942 non
643 1884 697 1945 illa
725 1875 826 1941 omnia
847 1880 1051 1961 relinquat,

198 1978 291 2048 atque
313 1968 455 2042 obiiciat,
477 1969 615 2028 etiamsi
637 1968 830 2026 dinumerare
852 1988 905 2047 se,
922 1966 1051 2042 stellas,

198 2063 253 2110 aut
287 2051 388 2111 metiri
425 2049 530 2111 mundi
568 2050 806 2131 magnitudinem
836 2071 922 2133 posse
963 2050 1051 2109 arbi·

197 2135 323 2195 iretur?
349 2136 449 2216 Atque
471 2136 532 2195 hoo
550 2134 631 2193 idem
653 2135 686 2193 in
709 2134 861 2215 parentis,
892 2133 925 2192 in
958 2133 1052 2193 amici

139 2245 144 2252 ·
199 2238 256 2294 re,
278 2231 331 2278 aut
353 2218 489 2299 periculo
510 2218 627 2277 lecerit.
649 2218 766 2294 Quibus
788 2218 879 2277 rebus
901 2217 1051 2297 intelligi·

199 2311 272 2377 tur,
294 2302 402 2363 studiis
418 2301 618 2383 „officiisque
657 2303 801 2361 scientiae
831 2301 1052 2383 praeponenda

198 2405 263 2445 esse
286 2386 386 2445 officia
401 2386 552 2461 iustitiae,
569 2407 648 2469 quae
658 2388 815 2469 pertinent
829 2385 868 2444 ad
891 2384 1051 2468 hominum

199 2469 396 2544 charitatem,
420 2491 478 2551 que
503 2471 720 2531 nihithomini
736 2470 827 2529 debet
839 2491 901 2528 esse
916 2490 936 2527 a
965 2467 1062 2529 anti:
1078 2517 1085 2547 ,

199 2554 298 2637 quius.
325 2555 422 2636 Atque
438 2556 504 2629 illi,
526 2576 656 2637 quorum
670 2554 789 2630 studia,
812 2556 933 2634 ritnque
949 2554 1051 2613 omnis

199 2639 233 2700 in
257 2660 357 2700 rerum
378 2640 551 2720 cognitione
574 2652 691 2700 versata
713 2653 777 2715 est,
801 2651 900 2698 tamen
923 2635 962 2695 ab
992 2659 1051 2696 au-

199 2723 305 2806 gendis
321 2722 485 2803 ,hominurn
506 2724 716 2799 utilitatibus,
739 2735 771 2784 et
791 2719 953 2783 commodis
987 2742 1054 2780 non

199 2820 411 2868 recesserunt:
436 2828 505 2870 nam
533 2820 564 2866 et
593 2807 793 2886 erudiverunt
829 2806 957 2879 multos,
988 2826 1053 2885 quo

199 2891 347 2951 meliores
363 2892 465 2968 cives,
487 2890 688 2975 utilioresque
711 2892 800 2951 rebus
821 2889 883 2949 suis
918 2887 1054 2971 publicis

206 3075 226 3108 o
240 3057 384 3131 Antiquior
399 3102 407 3130 ‚
420 3057 493 3125 sideni
510 3057 606 3110 camur.
694 3050 696 3052 ’
