2359 3567
243 130 308 195 rat,
433 136 465 178 nr.
487 139 515 178 r.
537 128 636 178 cicun.
657 137 694 179 ns
714 137 807 177 orric.

203 226 295 289 qnam
316 211 450 277 ceteros,
472 200 665 262 arbitrantur.
687 201 719 261 Si
742 222 811 261 vero
834 200 911 261 inest
931 200 964 260 in
982 222 1053 263 ora.

195 290 286 365 tione
308 286 396 346 mista
416 285 578 348 modestiae
599 286 746 368 gravitas,
771 285 1052 347 nil'admirabilius

201 372 267 435 fieri
289 382 411 454 potest3
435 392 531 453 eoque
553 371 666 452 magis,
689 370 713 429 si
739 392 774 429 ea
796 369 916 430 suntin
937 370 1046 432 adole·

159 492 161 507 ·
199 454 320 519 sereniss
335 454 434 517 aSed
457 477 550 538 quum
572 453 633 515 sint
667 453 756 537 plura
789 475 961 515 caussarum
995 478 1051 537 ge·

201 562 296 617 nera,
319 561 396 622 quae
427 538 634 622 eloquentiam
659 538 865 614 desiderant,
895 538 1049 622 multique

200 623 234 685 in
256 635 355 686 nostra
377 646 441 706 rep.
463 623 666 685 adolescentes
686 636 717 682 et
737 622 819 707 apud
841 619 980 699 iudices,
1014 638 1051 687 et

200 708 282 791 opud
317 721 453 770 senatum
488 706 615 770 dicendo
648 707 770 773 laudem
806 707 930 768 assecuti
962 704 1047 787 sint,

172 848 174 859 ,
200 794 331 854 maxima
351 792 509 854 admiratio
531 804 576 852 est
598 791 630 851 in
652 791 773 852 iudiciis
786 816 800 867 ς,
819 814 946 874 quorum
967 794 1049 853 ratio
1068 818 1073 825 ·

200 876 316 960 duplex
337 889 391 937 est.
414 877 489 939 Nam
510 890 541 936 et
562 900 602 938 ex
633 877 847 952 accusatione,
880 888 911 935 et
943 876 1051 938 delen·

193 959 285 1038 'sione
307 973 443 1037 constat3
468 983 593 1045 quarum
617 961 672 1020 etsi
698 960 882 1021 laudabilior
912 974 956 1020 est
989 962 1048 1022 de-

199 1042 319 1118 ¹fensio,
344 1058 442 1106 tamen
465 1045 557 1106 etiam
579 1045 728 1106 accusatio
750 1045 876 1128 probata
904 1067 1051 1130 persaepe

200 1138 256 1189 est.
279 1128 352 1190 Dixi
374 1129 478 1213 paullo
500 1143 570 1191 aute
584 1128 622 1189 de
645 1129 760 1190 Crasso.
775 1130 859 1189 Idem
877 1127 951 1190 tecit
970 1131 1049 1191 ado·

140 1274 147 1282 .
199 1212 314 1274 lescens
336 1213 376 1275 Μ.
400 1215 560 1276 Antonius.
575 1214 676 1276 Etiam
697 1214 732 1276 P.
748 1212 876 1298 Sulpicii
898 1214 1049 1298 eloquen-

188 1297 278 1371 ,tiam
291 1300 446 1363 accusatio
469 1299 656 1376 illustrarit,
679 1321 773 1381 quum
800 1300 995 1378 seditiosum,
1016 1313 1052 1362 et

200 1382 344 1455 inutilem
366 1385 461 1446 civem
483 1384 516 1446 C.
540 1383 711 1449 Corbanum
734 1384 766 1443 in
789 1384 936 1445 iudicium
960 1407 1051 1446 voca·

199 1467 255 1529 rit.
278 1468 296 1528 b
318 1466 375 1529 Sed
399 1471 456 1531 hoc
479 1469 602 1552 quidem
616 1480 736 1533 nonest
751 1491 840 1553 saepe
857 1469 1051 1547 laciendum,

196 1574 257 1628 'uec
280 1576 438 1635 unquam,
460 1554 518 1613 uisi
541 1567 595 1614 aut
614 1553 691 1635 reip.
715 1574 832 1632 caussa,
850 1566 885 1614 ut
904 1553 949 1630 ii,
973 1577 1053 1637 quos

131 1706 133 1715 y
201 1638 374 1715 antedix13
398 1648 451 1698 aut
473 1637 667 1712 ulciscendi,
690 1651 724 1698 ut
742 1637 806 1699 duo
828 1638 974 1714 Luculli3
996 1652 1054 1700 aut

130 1721 132 1725 ’
201 1720 392 1804 patrocinio,
414 1746 430 1782 c
453 1735 488 1782 ut
509 1714 563 1783 uos
583 1745 638 1806 pro
661 1720 795 1800 Siculis,
831 1747 885 1806 pro
921 1722 1051 1800 Sardis3

201 1826 257 1887 pro
280 1804 319 1866 Μ.
344 1804 472 1868 Albutio
497 1806 607 1868 lulius·
626 1807 662 1867 In
684 1808 849 1868 accusando
872 1806 972 1868 etiam.
1006 1808 1052 1869 Μ.

191 1888 329 1972 ιΑῳιῦἱο
352 1891 389 1956 Ι..
413 1888 507 1950 Fusii·
523 1892 642 1974 cognita
680 1892 827 1953 industria
858 1905 912 1952 est.
950 1892 1053 1952 Semel

203 1974 395 2057 igiturpaut
418 1993 480 2035 non
502 1998 590 2060 saepe
612 1988 702 2038 certe.
725 1978 780 2037 Sin
801 1978 881 2053 erit,
918 1976 966 2037 cui
1003 1976 1052 2036 sa-

197 2058 347 2136 piendum
369 2058 407 2119 sit
430 2060 570 2144 saepius,
596 2061 671 2144 reip.
696 2062 811 2122 tribuat
826 2065 883 2123 hoc
898 2061 1053 2139 muneris,

204 2144 289 2204 cuius
311 2143 457 2213 inimicos,
470 2144 575 2205 ulcisci
597 2145 713 2228 saepius
737 2166 795 2205 non
817 2160 861 2207 est
887 2147 1052 2226 reprehen-

150 2260 152 2263 ’
207 2228 365 2328 (lendum
390 2229 495 2289 modus
518 2242 617 2290 tamen
639 2229 727 2292 adsit.
751 2230 829 2291 Duri
851 2228 931 2290 enirn
954 2231 1054 2292 homi-

204 2334 276 2385 nis,
300 2314 346 2373 rel
369 2313 470 2394 potius
492 2313 543 2374 vix
565 2315 698 2376 hominis
719 2315 861 2389 videtur,
883 2313 1054 2395 periculum

181 2398 184 2404 ’
206 2397 314 2481 capitis
337 2398 447 2458 inferre
470 2399 583 2458 multis.
610 2398 654 2459 ld·
672 2423 740 2460 cum
762 2398 963 2483 periculosum
992 2399 1055 2480 ipsi
1116 2442 1121 2457 .

207 2496 273 2558 est,
296 2484 360 2542 tum
381 2480 473 2542 etiam
496 2482 649 2543 sordidum
683 2484 722 2545 ad
755 2485 887 2559 sarnam,
910 2485 1054 2544 commit·

205 2580 296 2642 tere,
320 2579 354 2628 ut
375 2562 530 2626 accusator
551 2568 733 2629 nominetur.
756 2568 778 2626 d
805 2566 895 2645 Quorl
924 2567 1055 2649 contigit

207 2650 248 2712 Μ.
272 2651 387 2728 Bruto,
410 2670 524 2711 summo
547 2672 655 2734 genere
676 2667 774 2730 nato,
794 2651 874 2713 illius
896 2651 980 2729 filio,
996 2654 1054 2735 qui
1092 2705 1096 2711 .

208 2817 226 2852 a
243 2799 385 2855 Senatoria
397 2802 484 2852 oratio
494 2802 596 2853 forensi
608 2803 642 2854 ad
653 2802 763 2870 gloriam
774 2801 919 2870 parandam
928 2779 1054 2871 liberios.

208 2868 224 2918 ὸ
242 2869 313 2921 Baro
331 2870 534 2933 accusandum,
553 2878 580 2920 et
598 2879 738 2938 quatenus.

162 2990 168 2995 .
208 2937 384 2988 :Accusatio
403 2937 516 3002 Verris,
536 2937 601 2988 item
618 2955 669 3004 pro
687 2936 788 2995 Sardis.

208 2999 230 3054 d
243 3001 344 3064 Brutus
359 3012 501 3059 accusator
518 3005 667 3065 vehemens.
