2359 3567
379 138 428 181 snr
451 143 488 181 nr
510 130 679 185 mererere.
851 121 909 181 281

118 210 219 268 ra'rutn
241 206 384 286 frugum,
406 227 441 264 ac
463 205 600 286 stirpium
623 207 754 291 minutus
777 202 844 263 imis
864 207 955 267 semi·

118 290 207 354 uibus
244 284 514 364 tanmem-uncos,
547 310 707 372 ramosque
744 302 902 371 procreate
937 312 957 351 a

118 375 278 449 malleoli,
312 372 670 456 plantae„sarmenta‚
706 371 907 445 viviradicem
940 372 957 432 d

118 458 307 542 propagines,
331 479 430 529 nonne
452 479 488 518 ea
510 456 654 534 efficiunt,
678 470 712 518 ut
735 459 870 541 quemvis
887 478 957 519 cum

118 542 318 609 admiratione
340 541 519 604 delectent?
540 541 618 602 Vitis
641 540 783 624 quidem,
806 563 884 623 quac
899 564 956 602 na·
996 611 1001 618 ⁵

120 639 187 686 tura
209 626 413 703 caduca,est,
434 637 492 701 et,
514 626 569 686 nisi
595 626 670 687 fulta
692 627 753 702 sit,
787 624 825 685 ad
849 639 957 687 terram

118 709 241 784 fertur,
264 709 390 787 cadem,
413 722 447 769 ut
470 710 619 792 sexerigat
634 734 682 783 ,·c
703 709 856 770 claviculis
878 712 957 789 suis,

103 793 204 875 =quasi
226 794 386 869 inanibus,
409 792 558 874 quidquid
580 808 625 853 est
647 807 754 869 nacta,
778 794 957 878 complecti·

120 888 191 936 tur:
216 900 305 959 quam
329 890 497 961 serpentem
520 878 681 961 multiplici
716 880 826 960 lapsu,
856 891 887 938 et
909 896 956 938 er·

60 999 65 1008 ·
118 962 236 1037 ratleo,
258 960 334 1021 ferro
357 974 516 1045 amputans
530 974 656 1022 <coercet
676 984 726 1023 ars
746 963 957 1046 agricolarum,

116 1066 156 1103 ne
174 1046 311 1106 silvescat
333 1047 515 1122 sarmentis,
539 1061 577 1107 ct*
592 1049 623 1106 in
646 1069 749 1107 omnes
775 1057 887 1130 'partes
909 1047 957 1106 ni·-

117 1128 177 1188 mia
202 1127 358 1190 fundatur.
380 1131 488 1214 Itaque
509 1130 635 1190 ineunte
657 1150 726 1191 rere
749 1132 791 1223 im
804 1131 857 1209 iis,
879 1153 958 1213 quae

99 1213 223 1272 *relicta
245 1225 316 1273 sunt
337 1213 438 1274 extitit
468 1227 613 1296 tanquam
645 1214 685 1275 ad
718 1214 863 1275 articulos
898 1226 981 1276 sat-'

118 1290 289 1356 mentorum
310 1296 334 1355 d
353 1321 411 1375 ra,
435 1318 512 1378 quae
534 1316 648 1380 gemma
686 1297 821 1373 dicitur}
856 1321 873 1357 a
900 1321 960 1380 qua

119 1381 217 1456 oriens
240 1403 294 1441 uva
318 1403 380 1442 sese
403 1381 554 1458 ostendit,
574 1404 654 1463 quae
677 1393 708 1441 et
730 1404 819 1443 succo
843 1394 959 1459 terrae,

96 1472 103 1545 J
119 1477 150 1522 ct
172 1465 273 1524 calore
295 1464 366 1524 solis
387 1485 563 1548 augescens,
585 1466 684 1547 primo
707 1479 752 1526 est
774 1464 959 1549 peracerba

118 1560 255 1631 gustatu,
277 1548 388 1610 deinde
410 1562 559 1611 maturata
586 1550 755 1627 dulcescit,
793 1550 961 1632 vestitaque

47 1662 51 1671 ¹
119 1629 270 1716 pampinis
292 1633 488 1694 nec'modlco
513 1645 616 1718 tepore
646 1646 751 1707 caret,
786 1646 817 1694 et
851 1635 958 1696 nimios

104 1716 188 1777 'solis
210 1716 350 1778 defendit
367 1718 499 1779 ardores.
521 1720 590 1797 Qua
606 1718 794 1813 quidpotest
810 1740 872 1779 esse
888 1741 959 1780 cunr

118 1800 220 1861 fructu
244 1801 359 1876 laetius,
381 1815 443 1862 tum
465 1815 589 1889 aspectu
612 1804 770 1886 pulcrius?
793 1805 878 1864 cuius
892 1804 960 1886 qui·

118 1883 188 1955 dem
210 1906 272 1943 non
295 1886 410 1946 utilitas
430 1904 479 1946 me
501 1889 620 1959 solum,
643 1901 769 1947 utente
792 1887 881 1963 dixi,
907 1887 973 1948 sed·

119 1970 213 2031 etiam
236 1969 376 2043 cultura,
400 1981 430 2028 et
445 1970 514 2050 ipsa
537 1984 643 2031 natura
674 1971 829 2043 delectata
865 1970 960 2034 admi·

119 2051 291 2112 niculor'um
313 2051 449 2127 ordines,
480 2055 612 2134 capitum
635 2055 772 2138 iugatio,
795 2054 960 2137 religatio,

119 2134 299 2217 propagatio
322 2136 446 2209 sitium,
468 2150 746 2221 sarmentorumque
776 2160 834 2215 ea,
869 2161 961 2220 quam

120 2217 186 2279 dixi
209 2219 340 2280 aliorum
361 2221 553 2302 amputatio,
588 2233 619 2281 et
655 2224 783 2284 aliorum
807 2220 961 2287 immissio.

120 2300 203 2377 Quid
220 2325 274 2385 ego
287 2303 500 2389 irrigationes?
512 2304 587 2388 quid
604 2306 745 2368 sessiones
759 2308 833 2387 agri,
847 2330 864 2365 e
878 2328 963 2386 repa·

120 2385 524 2471 stinationesqueproleram.
542 2391 655 2471 qfflrus
666 2393 698 2451 fir
712 2393 807 2452 multo
824 2400 901 2449 terra
914 2389 961 2446 le·

100 2469 103 2472 ⁴
129 2469 273 2533 cundior?
290 2472 375 2548 Quid
388 2472 425 2533 dc
438 2476 570 2536 utilitate
580 2474 726 2560 loquars
733 2469 967 2555 stercorandiig

120 2591 139 2623 ι
157 2566 284 2624 Malleoli.

76 2688 78 2699 ,
104 2639 137 2689 ’ὁ
154 2638 284 2708 Propago.

121 2723 136 2757 c
154 2706 296 2759 clanculi.

121 2772 142 2825 d
157 2772 277 2826 Gemma.

120 2858 136 2891 e
153 2841 346 2907 Repastinatio.

112 2907 141 2977 f
151 2908 324 2960 stercoratio.

118 2992 139 3047 g
159 2975 229 3041 Cato
245 2976 280 3029 de
301 2993 330 3030 re
347 2976 458 3037 emticar
