2359 3567
222 220 282 283 ala
470 240 501 280 rt.
523 241 552 280 τ.
573 236 732 280 cressonis.

176 307 343 388 plurimum
363 313 408 363 est
427 304 590 385 praesidii,
621 305 743 363 minime
777 300 900 362 alterius
935 301 1016 365 incli-

141 454 145 460 ,
177 402 291 469 geant,
326 384 524 448 liberalissimi
554 393 639 464 sint,
679 401 710 448 et
749 385 1019 450 beneficentissimi.
1064 404 1068 413 ·

176 477 279 553 Atque
302 465 379 533 haud
403 473 486 539 seio,
508 493 546 535 au
569 495 606 532 ne
627 495 702 571 opus
723 473 760 531 sit
777 469 898 553 quidem
910 517 920 545 ,
943 471 1019 531 nihil

178 577 311 637 unquam
333 552 454 617 omnino
476 556 578 616 deesse
594 558 711 616 amicis.
734 555 795 614 Ubi
817 555 897 617 enim
919 555 1018 616 studia

177 655 277 701 nostra
301 641 477 721 rignissent,
493 641 517 699 si
532 662 686 721 uunquam
701 639 844 715 consilio,
863 661 1017 718 nunqnam

177 745 266 806 opera
290 737 410 802 nostra,
433 748 487 786 uec
517 725 621 798 domi,
654 747 709 783 nec
732 723 886 794 militiae,
915 722 1017 804 Scipio
1112 728 1114 732 ’

178 807 330 889 eguisset?
364 807 429 869 Non
463 804 551 890 igitur
585 809 756 869 utilitatem-
775 806 931 880 amicitia,
965 806 1018 866 sed

151 911 162 955 ³,
177 892 291 952 utilitas
313 893 470 955 amicitiam
493 906 649 953 consecuta
671 905 727 951 est.
749 891 814 951 Non
836 911 906 971 ergo
928 902 1020 955 eruut

176 973 310 1036 homines
331 976 446 1037 deliciis
467 976 635 1037 diffluentes
656 974 799 1036 arrdiendi
814 1006 827 1048 ,¹
846 976 868 1033 si
896 973 1018 1052 quande

177 1058 215 1119 (le
237 1060 387 1133 amicitia,
409 1082 498 1143 quam
522 1083 576 1120 nec
599 1083 678 1137 usu,
701 1082 756 1119 nec
771 1060 885 1118 ratione
906 1056 1019 1117 hatum
1042 1133 1045 1137 ¹

176 1144 334 1224 cognitam,
348 1138 642 1228 disputabuntsllam
653 1145 723 1224 ‘quis
745 1156 806 1211 est,
817 1140 898 1239 prob
918 1141 1019 1200 Derim

82 1240 84 1243 '
176 1227 288 1299 fidem,
310 1240 401 1309 atque
423 1230 579 1291 hominum
592 1257 609 1304 ,·
624 1229 677 1309 qui
699 1227 771 1287 velit
792 1239 825 1284 ut
846 1245 944 1304 neque
973 1222 1020 1283 di·

177 1309 250 1393 ligat
271 1332 474 1394 quemqnam,
506 1335 558 1372 nec
594 1314 654 1393 ipse
688 1311 726 1372 ab
758 1312 821 1371 ullo
854 1306 1018 1387 diligatur,
1082 1384 1085 1387 .

176 1396 383 1472 circumfluere
405 1396 541 1456 omnihus
563 1396 680 1477 copiis,
702 1408 793 1476 atque
827 1392 857 1450 in
884 1392 1019 1451 omnium

177 1501 278 1540 rerum
300 1481 481 1541 abundantia
504 1481 628 1539 vivere?
650 1488 669 1538 a
691 1480 772 1540 Haec
794 1478 872 1536 enim
894 1489 937 1534 est
971 1487 1020 1561 ll:

177 1585 339 1624 rannorum
363 1565 444 1638 vita3
474 1566 504 1623 in
535 1586 596 1645 qua
630 1562 771 1623 nimirum
804 1559 887 1620 nulla
921 1557 1020 1636 fides,

178 1647 263 1708 nulla
285 1649 390 1708 caritas
400 1690 416 1726 ,-
432 1648 516 1708 nulla
538 1648 653 1707 stabilis
675 1644 898 1715 benevolentiae
919 1656 1017 1726 potest

177 1752 238 1789 esse
260 1731 388 1792 fiducia:
412 1732 510 1793 omnia
532 1753 647 1813 semper
668 1745 826 1813 suspecta,
847 1741 938 1806 atque
962 1725 1020 1785 sol-

177 1812 286 1883 licita:
311 1816 411 1875 nullus
440 1818 522 1876 locus
555 1815 711 1876 amicitiae.
747 1814 821 1890 Quis
853 1811 931 1870 enim
966 1823 1020 1871 aut

177 1919 246 1958 eum
269 1899 395 1983 ditigat,
420 1922 507 1981 qoem
529 1901 662 1963 metuit?
687 1901 748 1959 Aut
761 1919 851 1971 eum,
874 1917 890 1954 a
913 1916 974 1975 quo
986 1916 1018 1954 se

177 1985 271 2043 metui
294 1986 405 2065 putat?
428 1983 576 2044 Coluntur
600 2002 696 2044 tamen
719 1980 905 2041 simulatione
928 1977 1017 2038 dum·

178 2077 260 2128 taxat
282 2066 320 2125 ad
344 2082 479 2150 tempus,
503 2068 583 2150 quod
606 2068 630 2126 si
653 2068 750 2142 sorte,
774 2078 807 2125 ut
828 2064 861 2122 fit
881 2062 1016 2144 plerum-

178 2171 258 2229 que,
280 2151 439 2210 ceciderint
461 2164 549 2225 ,tum
572 2151 771 2230 intelligitur,
794 2169 882 2230 quam
906 2145 1020 2206 luerint

176 2231 279 2320 inopes
300 2236 473 2296 amicorum.
504 2235 530 2306 b¹
553 2235 641 2314 Quod
676 2232 876 2316 Tarquinium
909 2228 1017 2288 diiisse

177 2314 300 2391 lerunt,
323 2329 385 2378 tum
416 2321 609 2396 exulantem,
644 2341 674 2379 se
709 2316 910 2388 intellexisse,
943 2332 1019 2393 quos

177 2399 250 2459 lidos
272 2403 380 2461 amicos
397 2403 571 2478 habuisset,
594 2424 669 2485 quos
690 2401 820 2474 infidos,
842 2413 934 2480 quum
957 2397 1017 2480 iam

178 2473 288 2545 neutris
309 2488 433 2566 gratiam
457 2487 567 2547 referre
589 2499 695 2570 posset.
712 2487 902 2565 Quamquam
923 2481 1017 2541 miror

177 2564 237 2647 illa'⁴
264 2570 423 2651 superbia,
454 2585 485 2631 et
518 2570 743 2653 importunitate
780 2568 803 2627 si
836 2587 1016 2648 quemquam

178 2652 291 2712 habere
320 2658 429 2735 potuit.
464 2657 563 2736 Atque
600 2668 633 2714 ut
666 2654 777 2728 huius,
810 2674 899 2733 quem
931 2648 1015 2719 dixi,

176 2755 272 2794 mores
301 2746 384 2796 veros
419 2742 529 2799 amicos
563 2761 669 2820 parare
703 2759 764 2797 non
795 2749 939 2817 potuere,
976 2732 1018 2791 sio

176 2819 337 2880 multorum
359 2845 430 2904 opes
451 2823 689 2905 praepotentium
715 2819 880 2881 excludunt
912 2817 1016 2877 amici·

178 2903 231 2967 tias
255 2902 364 2964 fideles.
385 2930 403 2966 c
426 2906 491 2967 Non
513 2907 592 2967 enim
605 2909 699 2967 solum
722 2906 785 2986 ipsa
801 2905 919 2964 fortuna
932 2921 1017 2960 caeca

146 3006 149 3010 ⁴
176 3034 193 3067 a
211 3018 400 3084 Tyrannorum
415 3022 479 3074 vita.
513 3021 530 3072 l
549 3020 581 3076 lu
592 3023 709 3081 adversis
721 3028 914 3092 cognoscuntur
927 3017 1016 3076 amici.

178 3085 433 3142 cFontuuacaeoe.
462 3120 465 3123 -
533 3134 534 3139 ,
1018 3120 1020 3123 .
