2359 3567
229 286 291 348 sio
312 324 316 329 -
483 302 515 346 n.
536 306 565 346 u.
587 302 735 348 ciceronis

113 422 124 429 .
185 388 285 455 quor,
317 362 368 428 sed
403 364 442 427 de
475 368 591 429 virtutis
620 370 773 470 ofinione.
797 370 920 436 Virtute
947 377 1032 448 enim

184 456 248 539 ipsa
271 474 332 513 uon
355 464 414 514 tam
437 452 523 513 multi
545 448 675 536 praedrti
696 478 785 534 esse,
816 479 908 539 quam
933 460 1028 522 videri

183 538 299 599 volunt.
322 535 386 598 flos
419 532 553 598 delectat
580 539 764 615 assentati03
800 542 847 601 his
874 542 958 604 lictus
987 545 1027 605 ad
1076 558 1079 565 ’

183 623 316 704 ipsorum
339 619 523 683 voluntatem
537 640 636 682 sermo
649 644 743 705 quum
758 624 939 702 adhslretur,
961 648 1027 687 ora·

186 708 297 767 tionem
318 705 403 765 illam
431 726 537 766 vanam
559 708 773 769 ‘testimonium
793 712 868 769 ‘esse
901 710 1027 771 laudum

184 810 306 850 suarum
329 780 447 871 putanti
472 787 560 849 Nulla
582 802 629 850 est
648 790 739 873 igitur
768 794 841 854 hacc
874 794 1026 872 amicitia,

184 894 280 956 quum
301 875 504 951 alternorum
532 868 637 935 audire
669 896 731 936 nun
761 876 845 952 uult,
879 876 959 962 alter
987 880 1027 941 ad

183 957 390 1019 mentiendum
412 966 533 1041 paratus
555 969 608 1018 est.
633 959 694 1021 Nec
715 961 914 1044 parasitorum
936 964 1027 1024 inco·

182 1041 307 1103 uior'dils
326 1040 488 1101 assentatio
510 1041 598 1102 nobis
631 1043 729 1106 faceta
762 1043 937 1125 videretur,
969 1049 1025 1109 nisi

185 1139 282 1188 esseut
304 1126 413 1186 milites
436 1123 565 1207 gloriosi.
937 1184 939 1187 .

249 1210 380 1289 Magnas
400 1231 472 1270 uero
493 1229 585 1288 ogere
604 1208 722 1290 gratias
748 1210 842 1272 Tlruis
863 1211 971 1273 milri?

181 1294 259 1358 Satis
280 1306 346 1356 erat
368 1292 566 1381 respondere,
588 1316 729 1375 mugnus:
744 1295 899 1375 ingentes,
915 1294 1025 1378 inquii.

181 1401 202 1440 a
224 1383 348 1462 Semper
368 1393 458 1460 anget
478 1379 639 1440 assentatio
668 1377 722 1455 id,
751 1379 833 1461 quod
861 1379 909 1456 is,
940 1383 1026 1463 cujus

10 1470 12 1479 ’
75 1500 79 1505 -
182 1464 221 1525 ad
244 1465 429 1527 voluntatem
450 1463 1027 1545 dicitur,sultessemaguum.Qnam·

173 1547 309 1625 obrem,
342 1549 477 1628 quamvis
498 1546 610 1608 blanda
635 1545 689 1608 ista
712 1549 827 1608 vanitas
860 1539 944 1632 εριιᾶ
975 1573 1027 1612 eos

9 1680 12 1711 :
113 1633 118 1639 ’
180 1632 299 1707 valeat,
315 1632 367 1714 qui
389 1631 445 1715 ipsi
466 1630 550 1709 illam
573 1632 735 1708 allectant,
758 1645 788 1693 et
809 1632 953 1695 inritant:
979 1646 1025 1694 ta-

181 1734 251 1776 men
273 1718 363 1777 etiam
386 1716 534 1799 graviores
550 1718 829 1798 constantioresque
844 1710 1033 1780 admonendi

181 1814 273 1876 suut,
295 1812 329 1860 ut
349 1800 611 1876 animadvertant,
633 1823 672 1861 ne
693 1800 802 1863 callida
823 1802 1028 1865 assentatione

181 1884 365 1967 capiantuiu
385 1886 499 1969 Aperte
532 1885 611 1945 enim
641 1886 816 1946 adulantem
850 1896 940 1946 nemo
964 1910 1027 1948 non

181 1968 284 2047 ridet,
320 1967 375 2029 nisi
405 1970 458 2052 qui
491 1968 653 2029 admodum
683 1981 727 2029 est
754 1989 869 2033 excors.
892 1968 1027 2032 Callidus

180 2051 254 2126 itte,
288 2066 319 2113 et
340 2054 476 2117 occultus
506 2060 544 2113 ue
573 2074 604 2112 se
630 2053 787 2128 insinuet,
821 2052 952 2114 studiose
974 2078 1025 2115 ca·

182 2136 314 2198 sendum
328 2149 395 2197 vest:
414 2161 468 2199 nec
482 2138 562 2199 enim
575 2135 719 2198 facillime
733 2139 921 2222 agnoscitur,
960 2140 1026 2222 uip-
1052 2195 1054 2199 ,

242 2222 294 2303 qui
315 2221 406 2281 etiam
435 2221 620 2301 aduersando
647 2244 738 2304 saepe
765 2158 961 2283 assenteturl
995 2234 1026 2284 et

192 2306 299 2387 itigare
322 2327 352 2364 se
375 2306 518 2368 simulans
538 2304 732 2382 blandiatur,
754 2317 847 2387 atque
867 2305 904 2366 ad
927 2319 1026 2367 extre-
1098 2312 1100 2315 ’

180 2411 263 2452 mum
285 2388 338 2450 det
358 2410 464 2468 manus
480 2437 488 2466 ,
504 2390 658 2473 *uincique
680 2412 712 2450 se
733 2391 888 2474 patiatur3
924 2403 958 2452 ut
978 2392 1025 2467 is,

181 2477 234 2558 qui
256 2475 360 2536 illusus
381 2476 436 2551 sit,
459 2475 527 2575 plus
549 2474 653 2536 vidisse
671 2474 813 2536 videatur.
828 2474 909 2553 Quid
922 2485 1025 2536 a'utem

19 2542 28 2619 s
108 2634 113 2640 1
181 2561 323 2644 turpius,
347 2579 437 2640 quam
460 2558 579 2620 dludi?
602 2557 691 2636 Quod
716 2583 753 2619 ne
775 2558 908 2639 accidat,
931 2559 1024 2642 magis

178 2643 351 2719 cavendum
372 2652 441 2720 est,
463 2655 497 2705 ut
518 2643 549 2702 in
572 2643 729 2727 Epiclero:

221 2727 322 2790 Hodie
344 2749 391 2787 me
411 2740 482 2788 onte
503 2744 606 2787 omues
626 2727 756 2790 comicos
777 2727 884 2790 stultos
904 2748 989 2787 serres

223 2811 388 2885 Versuris„
409 2825 500 2895 utque
521 2810 627 2871 luseris
647 2810 822 2872 lautissime.

180 2890 264 2958 Haec
286 2896 366 2958 euim
389 2896 479 2956 etiam
506 2897 539 2956 io
569 2895 679 2959 sabulis
702 2895 874 2956 stultissima
894 2915 1023 2978 persona

181 2990 226 3039 est
245 2979 484 3062 improvidorum
494 3006 513 3056 ,t
539 2995 572 3044 et
598 2980 791 3045 credulorum
823 3001 939 3042 senum.
962 2978 1022 3043 Sed

181 3171 201 3210 ⁸
216 3146 326 3235 Sumpsi
341 3171 420 3247 suget
437 3129 586 3225 assentatio
