2359 3567
423 194 480 235 ure.
502 194 538 235 11.
559 191 622 236 cir.
645 194 688 236 rr.
874 178 944 240 125¹

129 258 208 321 iuris
228 256 327 319 civilis
349 257 382 319 in
403 258 507 343 primis
523 259 718 342 peritusl'uit.
732 279 752 320 a
774 258 815 323 At
837 263 979 325 uectium

129 344 192 406 hoc
212 356 403 428 praeceptum
424 342 516 404 officii
537 342 699 426 diligenter
721 282 836 406 tenend

833 369 883 408 um
902 359 979 426 est,
1077 388 1083 399 -

129 450 172 490 ne
193 451 285 511 quem
306 449 438 510 unquam
461 430 652 489 innocentem
672 428 783 490 iudicio
804 431 910 515 capitis
931 454 979 493 ar·
1070 446 1074 453 “

131 534 252 589 cessas,
277 511 308 572 id
329 511 409 581 enim
432 512 495 573 sine
529 514 641 575 scelere
673 514 737 575 fieri
771 514 855 576 nullo
888 529 978 599 pacto

56 626 61 629 Α
130 609 243 682 potest.
264 595 342 658 Nam
363 594 440 679 quid
461 610 507 661 est
543 611 604 657 tam
639 599 858 676 inhumanum,
886 620 977 681 quam

131 679 338 763 eloquentiam
362 703 379 740 a
402 693 508 741 natura
529 680 567 741 ad
589 682 718 742 salutem
739 683 897 745 bominum
916 730 925 760 ,
947 695 979 744 et

129 764 174 826 ad
195 765 447 841 conservationem
469 766 593 841 datam,
615 764 654 825 ad
674 765 824 828 bonorum
844 781 977 850 pestem,

129 849 357 995 perniciemque
379 851 576 910 convertere?
599 849 660 910 Nee
695 862 814 929 tamen,
851 865 885 912 ut
921 855 979 914 hoc

146 955 187 1015 ¹¹8

190 933 310 996 lendum
331 945 400 1011 est,
431 934 503 996 item
532 934 705 996 habendum
740 948 785 994 est
815 935 976 1020 religioni,

129 1031 290 1080 nocentem
312 1017 498 1099 aliquando,
522 1018 612 1078 modo
649 1043 687 1080 ne
720 1019 892 1097 nefarium,
923 1021 1004 1081 im·-

130 1102 300 1187 pinmque,
322 1101 494 1164 defendere.
516 1101 593 1163 Vult
614 1104 671 1165 boe
692 1103 879 1179 multitudo,
901 1107 979 1187 pati·

132 1200 186 1248 tur
204 1187 415 1260 consuetudo,
439 1188 495 1248 sert
527 1187 619 1247 etiam
652 1190 830 1250 humanitas.
865 1189 978 1250 Iudicis

61 1274 64 1277 ’
129 1285 178 1331 est
199 1292 316 1356 semper
334 1273 366 1332 in
388 1274 485 1332 causis
505 1294 607 1331 rerum
630 1272 741 1354 sequig
763 1275 881 1354 patroni
905 1296 978 1334 non·
1046 1309 1049 1313 ·

21 1422 26 1427 ,
130 1378 289 1439 nunquam
312 1355 496 1427 verisimile,
519 1356 636 1416 etiamsi
659 1357 758 1416 minus
780 1357 817 1416 sit
849 1377 951 1430 verum
967 1405 979 1443 ,
991 1414 995 1420 ,

129 1434 308 1501 defendere·
329 1439 419 1519 Quod
441 1440 594 1513 scribere,
616 1441 789 1522 praesertim
816 1461 910 1521 quum
939 1440 979 1502 de

129 1522 324 1608 philosophia
345 1525 524 1600 scriberem,
547 1548 607 1586 non
629 1524 794 1602 auderem,
813 1523 872 1585 nisi
895 1523 977 1587 idem

128 1609 264 1692 placeret
278 1609 450 1692 gravissimo
466 1607 634 1670 Stoicorum
648 1610 801 1673 Panaetio.
815 1610 833 1669 b
845 1609 977 1672 Maxime
1051 1636 1053 1639 ·

105 1691 233 1754 “autem
255 1706 286 1754 et
307 1693 402 1775 gloria
422 1694 554 1776 paritur,
567 1707 598 1753 et
619 1697 714 1776 gratia
737 1693 974 1757 defensionibus:

130 1795 366 1860 eoquem'ator,
389 1778 558 1860 siquando
585 1778 716 1856 accidit,
743 1792 779 1841 ut
810 1780 837 1840 ei
874 1779 977 1840 subve-
1083 1850 1086 1857 ,

56 1878 62 1886 “
129 1861 259 1938 niatur,
280 1863 335 1945 qui
398 1863 487 1923 tentis
501 1863 628 1923 alicuius
643 1864 752 1947 opibus
767 1864 976 1926 circumveniri
1042 1886 1045 1891 ’

129 1947 292 2028 urgeriqne
317 1886 472 2022 vidiebtur,
495 1960 529 2007 ut
550 1966 604 2007 nos
625 1960 656 2007 et
676 1971 763 2032 saepe
785 1948 884 2025 alias,
908 1962 938 2009 et
959 1972 976 2010 c

130 2029 337 2093 adolescentes
358 2044 463 2095 contra
483 2029 520 2091 L.
556 2031 657 2112 Syllae
689 2030 871 2093 dominantis
904 2055 977 2116 opes

128 2136 187 2198 pro
209 2117 239 2177 S.
259 2114 371 2177 Roscio
393 2115 536 2176 Amerino
559 2113 704 2178 lecimus:
729 2138 830 2200 quae,
853 2129 886 2178 ut
902 2118 975 2193 seis,

129 2213 231 2263 exstat
252 2200 358 2266 oratio·
387 2264 390 2269 Α

414 2281 607 2356 ΟΑΡΠ
641 2284 698 2348 ΧΙ.

172 2411 301 2493 Duplex
323 2410 514 2472 liberalitatis
532 2433 652 2492 genus,
673 2427 704 2475 ct
725 2420 871 2498 qnatenus
892 2414 936 2476 ad

206 2495 426 2557 conciliandam
448 2495 672 2558 ntultitudinem
686 2498 900 2562 adhibendum.

173 2620 231 2681 Sed
254 2621 397 2706 expositis
418 2614 654 2683 adolescentium
675 2625 802 2703 officiis,
826 2647 904 2708 quae
922 2647 973 2687 ra·
1074 2639 1076 2642 '

127 2706 214 2767 leant
235 2705 273 2765 ad
296 2706 420 2788 gloriam
442 2704 688 2788 adipiscendam,
710 2708 851 2794 deinceps
867 2708 904 2770 de
918 2709 974 2771 be·

126 2787 318 2868 neficeutia,
340 2812 375 2851 ac
395 2789 575 2852 liberalitate
603 2790 764 2854 dicendum
794 2807 849 2855 est.
881 2792 975 2853 Cuius

126 2939 148 2972 a
166 2919 316 2975 scelestum
334 2940 458 2975 accusare
470 2924 654 2979 innocentem:
669 2899 816 2980 humanum
830 2925 973 2978 defendere

165 2989 311 3056 aliquando
323 3000 471 3044 nocentem.
507 2993 647 3047 blllaxima
659 3013 692 3047 en
699 2993 866 3059 defendendo
878 2992 972 3061 gloria.

127 3073 146 3108 c
163 3055 374 3127 Adolescentea,
393 3060 479 3116 idest
496 3079 537 3114 an.
559 3062 601 3132 57.
642 3102 646 3109 .
