2359 3567
223 242 284 305 sto
440 265 472 305 u.
495 238 531 305 rs
545 263 572 305 u.
595 262 783 307 erronica

167 334 336 391 'urescuutt
351 340 384 389 ut
405 327 564 393 honestum
578 327 654 390 illud
667 330 787 392 Solonis
799 330 858 405 sit,
880 330 961 412 quod
983 331 1028 395 ait

184 415 331 489 versiculo
353 413 505 496 quodam,
527 426 561 474 ut
582 428 652 474 ante
685 414 775 491 dixi,
809 436 963 481 senescere
993 439 1023 478 se

178 504 273 560 mutu
296 502 327 561 in
351 505 416 567 dies
436 499 651 575 addiscentem,
672 523 733 583 qua
755 501 909 584 uoluptate
928 501 1022 561 animi

178 582 264 645 nullu
285 601 366 653 certe.
388 597 487 674 potest
509 586 698 657 essemuor.
722 608 741 646 a
764 585 864 647 Venio
881 606 962 645 nnuc
983 584 1020 645 ad

178 667 347 751 voluptates
369 672 592 758 agricolarum,
615 668 725 751 quibus
747 693 801 754 ego
834 664 1024 732 incredibili-¹

179 761 226 812 ser
246 754 399 822 delector:
421 778 499 842 qnae
521 776 574 814 nee
600 755 682 829 nulla
705 755 911 839 impediuntur
932 776 1018 814 sene·

177 848 287 920 etute,
311 858 340 906 et
362 846 435 905 mibi
456 842 494 907 ad
517 837 657 918 sapientis
680 840 775 903 ,uitam
812 844 950 921 proxime
972 837 1037 921 vig

177 919 289 986 deutur
310 929 465 989 accedere.
496 924 615 986 Habent
649 924 738 993 enim¹
769 925 914 1007 rationem
951 943 1017 982 cnm

178 1015 276 1081 terra,
299 1034 377 1094 quoe
399 1031 554 1092 uunquam
588 1023 705 1071 recusat
739 1009 926 1090 imperinm,
957 1017 1048 1083 “nee¹

177 1102 311 1171 uuquam
332 1096 395 1155 sine
420 1116 507 1155 usura
532 1092 649 1168 reddit,
686 1093 768 1176 qnod
789 1091 933 1175 accepit,
967 1089 1018 1150 sed

162 1175 250 1234 'olias
273 1180 388 1241 minore
411 1180 616 1263 plerumque,
651 1181 764 1249 maiore
786 1199 855 1238 cum
882 1177 1016 1236 foenore.

174 1257 355 1344 Quanquam
378 1287 424 1324 me
447 1262 571 1344 quidem
594 1285 655 1323 nou·
684 1262 798 1323 fructus
832 1260 942 1332 modo,
967 1257 1017 1318 sed

175 1344 264 1405 etiam
287 1348 379 1430 ipsius
404 1361 501 1408 terrae
538 1344 583 1407 ris
609 1369 643 1406 ac
659 1359 764 1409 natura
781 1345 925 1406 delectat:
939 1364 1015 1423 quae

174 1436 269 1509 q‘uum
290 1432 403 1516 gremio
427 1431 573 1509 mollito,
596 1455 631 1492 ac
654 1430 778 1490 subacto
813 1450 912 1490 semen
936 1449 1016 1507 spar-

107 1540 110 1549 ·
174 1528 238 1572 aum
260 1519 406 1598 excepit,
430 1516 563 1597 primum
586 1516 617 1575 id
641 1527 835 1589 ner-oecatnm
870 1513 1011 1586 cohibet,

173 1591 250 1657 lter
273 1622 333 1681 quo
356 1601 496 1675 occatio,
519 1622 596 1684 quse
628 1601 685 1659 boc
707 1599 821 1671 efficit,
860 1597 1014 1661 nominata

123 1697 131 1703 ·
173 1691 226 1739 cst:
250 1681 360 1747 deinde
384 1684 566 1763 tepefactum
589 1706 702 1763 vapore
725 1696 755 1743 et
777 1704 948 1766 compressu
962 1701 1013 1739 sun

173 1760 322 1828 diffindit:
345 1781 376 1828 et
397 1768 477 1829 elicit
499 1769 725 1831 herbescentem
747 1790 785 1829 ex
817 1791 853 1827 eo
884 1764 1014 1827 viridita-

172 1858 254 1923 tem,
277 1872 354 1932 quae
377 1852 446 1913 nixa
469 1852 550 1914 fibris
571 1852 709 1936 stirpium
730 1852 838 1927 sensim
860 1849 1014 1924 adolescit,

171 1930 330 2017 culmoque
351 1949 448 1997 erecta
470 1936 665 2017 geniculato,
688 1936 799 2018 saginis
834 1935 893 1995 iam
928 1931 1012 2016 qnasi

116 2035 117 2038 ’
170 2015 334 2097 pubescens
355 2020 529 2082 includitur.
551 2020 577 2082 lt
599 2021 711 2103 quibus
732 2038 828 2103 quum
847 2019 1011 2094 emerserit,

159 2097 269 2161 *fundit
283 2103 403 2185 ,frugem
427 2106 522 2188 spici,
545 2104 649 2165 ordine
670 2118 829 2181 structam,
857 2116 888 2163 et
909 2116 1010 2180 contra

170 2185 270 2245 avium
293 2188 441 2253 minorum
463 2212 576 2250 morsus
595 2190 739 2251 minuitur
750 2189 829 2249 vallo
844 2189 1009 2249 aristarum.

169 2269 251 2349 Quid
273 2295 327 2354 ego
351 2274 452 2340 vitium
470 2288 567 2349 satus,
589 2278 694 2349 ortus,
717 2275 901 2334 incrementa
930 2292 1010 2334 com·

110 2406 113 2409 .
169 2357 353 2419 memorem?
374 2358 480 2425 Satiari
501 2358 698 2419 delectatione
721 2379 779 2419 uon
798 2380 948 2443 possum,
976 2367 1009 2417 ut
1064 2356 1066 2359 ’

168 2442 253 2500 meae
296 2443 453 2509 senectutis
495 2443 660 2525 requietem
679 2442 1008 2522 ,sublectamentaque

168 2527 348 2604 pernoscatis
379 2526 494 2586 Omitto
520 2527 599 2588 euim
633 2529 692 2588 rim
727 2528 821 2610 ipsam
850 2527 1007 2601 omnium,

167 2625 247 2687 (strae
268 2614 444 2691 generantur
465 2633 482 2670 e
505 2624 603 2687 terra,
625 2633 704 2694 qnae
732 2635 770 2672 ex
805 2612 852 2672 tici
888 2606 1006 2670 tantulo
1060 2630 1064 2641 ·

168 2711 284 2785 grano,
307 2706 359 2755 aut
390 2716 466 2756 ces
497 2697 581 2758 anino
609 2696 754 2777 vinaceo,
775 2709 827 2759 aut
853 2716 891 2761 ex
924 2706 1004 2757 eete-

94 2966 96 2969 ¹
167 2998 185 3032 a
208 2980 396 3046 Agriculturae
413 2984 479 3038 laus.

167 3045 182 3095 ὗ
197 3047 320 3106 ‚Occatio

167 3126 183 3163 e
198 3110 325 3167 Asinum.
