2359 3567
248 184 310 269 rori
397 235 401 241 .
436 208 470 261 u,
490 202 519 249 r.
542 207 636 247 orces.
658 208 695 247 nn
718 207 812 249 orric.

205 274 328 356 perfuga
373 283 537 346 unus‚,et
559 293 676 354 gravem
709 270 906 332 adversarium
930 271 1047 354 imperii

205 355 394 418 sustulisset:
417 353 469 431 sed
491 374 629 434 magnum
652 353 803 432 dedecus,
826 367 857 415 et
878 355 1026 437 flagitium
1037 404 1046 434 ,

204 441 326 522 quicum
351 432 447 497 laudis
468 451 620 499 certamen
645 437 770 514 luisset,
800 458 869 499 eum
906 461 969 499 uon
992 441 1049 501 rir·
1115 444 1118 449 ’

206 535 294 599 tute,
316 520 367 582 sed
389 523 501 583 scelere
522 514 836 604 superatum.·Vtr⁴nm
866 522 958 603 igitur
988 524 1048 583 uti·

205 606 284 682 lius,
307 608 355 666 vel
376 605 533 682 Fabricio,
555 606 607 688 qui
630 605 695 665 talis
716 605 747 664 in
769 608 826 669 bac
848 606 933 678 urbe,
950 606 1049 688 qualis

206 687 353 751 Aristides
374 688 501 751 Athenis
524 688 607 766 luit,
629 691 674 749 rel
697 686 966 764 senatui⁴nostr03
994 692 1049 772 qui

207 795 365 856 uunquam
387 773 549 834 utilitatem
570 794 588 832 a
610 770 756 854 dignitate
778 773 932 846 seiunxit,
960 772 1050 833 armis
1100 833 1102 835 ,

207 866 275 915 cum
299 858 537 929 boste'certare,
559 879 597 916 au
621 857 762 917 venenis?
773 855 806 916 Si
818 856 1050 937 gloriaecaussa

206 937 365 1022 imperium
387 938 586 1021 expetendum
609 950 679 1015 est,
700 941 798 1000 scelus-
815 938 912 1014 absit,
933 938 964 997 in
986 961 1050 1020 quo

207 1045 270 1085 uon
293 1035 390 1106 potest
412 1044 475 1082 esse
496 1022 589 1105 gloria
600 1028 613 1083 ε’
632 1025 677 1083 sin
701 1023 784 1105 ipsae
804 1044 876 1107 opes
896 1035 1049 1103 expetun-

208 1117 285 1184 tur,
305 1127 429 1189 quoquo
451 1106 555 1182 modo,
579 1129 638 1166 uon
672 1120 815 1190 poterunt
862 1096 951 1166 iitiles
986 1126 1052 1168 esse

174 1212 179 1225 ’
194 1213 276 1271 ἐωυ
294 1190 453 1252 inlumina
468 1186 535 1271 Nou
547 1190 638 1274 igitur
654 1191 736 1250 utilis
748 1186 845 1252 iltaL'.
855 1188 1052 1272 Philippi3Q.

208 1272 263 1334 filii
285 1276 455 1337 sententia:
478 1297 553 1357 quas
574 1273 708 1334 civitates
740 1270 778 1336 L'.
811 1272 892 1354 Sylla
921 1277 1053 1356 pecnnia

208 1372 354 1440 accepto,
377 1382 416 1420 ex
438 1356 693 1433 senatusconsulto
716 1357 919 1433 liberavisset,
941 1368 976 1416 ut
996 1377 1053 1420 eae

209 1463 317 1503 rursus
333 1442 489 1523 'vectigales
510 1454 609 1502 essent
622 1469 643 1517 3*
662 1462 759 1523 neque
796 1441 830 1502 iis
865 1441 1054 1524 pecuniam,

208 1547 298 1606 quam
322 1547 377 1607 pro
399 1527 539 1587 libertate
561 1524 728 1603 dederant,
762 1523 964 1586 redderemus.
998 1524 1055 1588 ltu

113 1609 117 1614 ’
207 1610 237 1669 ei
258 1622 380 1687 ¹senatus
401 1616 560 1671 assensus:
585 1624 672 1691 turpe
693 1609 842 1691 imperio.
877 1608 1053 1671 Piretarum

209 1692 291 1752 enim
313 1692 422 1753 melior
444 1692 536 1768 lides,
558 1715 651 1774 qnam
673 1706 805 1754 senatus.
827 1694 868 1754 ΑΙ
889 1692 976 1752 aucta
998 1714 1054 1754 ve·

207 1775 354 1858 ctigalia:
377 1777 452 1837 utile
474 1777 573 1858 igitur.
595 1777 761 1860 Quousque
782 1774 1055 1839 audebuntdicere

208 1856 374 1941 quidquam
398 1860 493 1935 utile,
516 1859 599 1941 quod
621 1883 683 1921 uon
704 1859 909 1921 'honestuml
949 1860 1056 1923 Potest

207 1946 309 2004 eutem
332 1943 387 2004 ulli
408 1945 557 2027 imperio,
579 1945 660 2026 quod
683 1944 776 2025 gloria
801 1944 892 2003 debet
911 1958 975 2002 esse
989 1943 1054 2006 lul·

211 2040 286 2102 tum,
309 2027 571 2094 et'beneroleutia
594 2029 842 2106 sociorum,utile
864 2049 925 2086 esse
947 2027 1056 2090 'odium
1144 2026 1148 2033 ¹

210 2123 242 2172 et
263 2110 406 2171 iufamia?
416 2111 478 2192 Ego
501 2113 592 2172 etiam
615 2113 632 2171 b
654 2134 723 2174 cum
745 2110 858 2173 Catone
881 2133 948 2172 meo
963 2135 1055 2196 saepe

210 2192 347 2254 dissensi:
358 2194 444 2254 nimis
453 2195 534 2255 euim
549 2195 619 2257 milri
628 2196 782 2256 ridebatur
792 2195 958 2278 praefracte
970 2217 1056 2256 aera·

116 2327 120 2330 .
156 2354 161 2359 2
210 2278 288 2338 rium
312 2279 527 2361 vectigaliaque
548 2278 737 2353 defendere,
760 2279 859 2339 omnia
881 2278 1053 2360 publicanis

212 2383 340 2440 negare,
362 2363 457 2421 multa
478 2361 576 2422 sociis:
599 2363 746 2444 quumxiu
769 2365 823 2426 hos
846 2362 973 2423 benefici
989 2385 1054 2441 esse

211 2444 412 2506 deberemus:
434 2466 503 2506 cum
525 2447 586 2506 illis
609 2445 650 2507 sic
672 2468 769 2526 agere,
792 2459 826 2508 ut
847 2466 915 2506 cum
938 2446 1055 2508 colonis

211 2529 320 2591 uostris
341 2532 515 2591 soleremus.
539 2529 642 2612 quue
665 2530 776 2610 magis,
798 2551 858 2613 quo
894 2528 944 2590 illa
967 2528 1053 2590 ordi·
1091 2576 1093 2581 ,
1175 2518 1176 2564 l

212 2635 285 2691 num
307 2612 481 2697 conjunctio
503 2612 540 2672 ad
563 2613 692 2672 salutem
724 2613 798 2695 reip.
831 2612 1013 2695 pertinebat.
1037 2637 1055 2675 c

211 2694 293 2759 llale
305 2698 395 2789 etiam
409 2697 514 2785 Curio,
521 2717 615 2780 quum
627 2696 1055 2780 caussamTranspadanorum

210 2916 232 2951 ι
248 2870 363 2968 Turpis,
380 2917 465 2969 eoque
482 2917 531 2953 uec
549 2900 624 2952 utilis
642 2897 674 2953 ln
693 2899 812 2968 Philippi
828 2897 969 2957 sententie.

213 2965 230 3015 ὂ
247 2964 314 3018 Cato
331 2976 499 3035 perstrictus.
790 2988 793 2994 ·

213 3047 231 3080 e
248 3031 347 3101 Turpis
365 3035 452 3089 oratic
469 3035 620 3115 Curionis,
640 3032 742 3088 Vincat
759 3032 872 3085 utilitas.
