2359 3567
393 136 443 176 sei
465 135 503 176 ne
525 134 692 177 senuerim.
862 112 920 192 287

35 262 38 269 ,
116 222 248 274 omnes,
269 210 302 261 et
323 216 423 261 senem
446 199 535 261 illum
569 218 679 258 sessum
702 196 857 278 recepisse.
880 198 962 273 Qni-

118 290 185 350 hus·
221 304 315 426 iprum
351 305 369 343 a
404 296 515 344 cuncto
560 302 697 345 consessu
733 283 854 363 plausus
888 293 966 342 esset

19 432 23 439 ,
102 371 234 451 multip
249 391 287 428 eii
311 366 421 441 datus,
444 367 553 427 dixisse
575 386 621 426 'ex
652 367 698 427 his
727 364 915 447 quemdam,
945 386 966 425 a

121 454 326 516 Athenienses
348 452 527 533 scire‚quae
548 463 630 512 recta
652 462 769 523 essent,
792 449 841 509 sed
866 448 966 511 lacere

122 538 216 598 nolle.
240 535 332 596 llulta
356 536 388 595 in
409 547 510 595 nostro
531 535 662 612 collegio
696 535 877 617 praeclara3
913 534 966 594 sed

121 623 208 695 hoc,
230 618 268 678 de
289 640 352 700 quo
374 621 489 698 agimus
508 621 541 679 iu
563 618 687 701 primis,
710 619 810 700 quod,
831 629 867 677 nt
880 620 964 698 quis·

124 727 187 788 que
208 715 306 764 aetate
327 702 496 777 antecedit,
513 703 555 762 itii
577 703 741 762 sententiae
763 703 966 785 principatum

123 801 219 850 tenet.
241 785 346 868 Neque
366 785 463 846 solum
484 787 601 849 honore
622 785 891 861 antecedentibus,
914 786 967 846 sed

124 873 165 934 iis
186 871 295 945 etiem,
319 871 459 952 quicum
482 870 606 953 imperio
629 884 725 946 sunt,
748 873 876 930 maiores
894 882 967 931 natu'

124 977 253 1037 augures
274 966 510 1036 anteponuntur.
537 955 624 1033 Quae
653 967 728 1015 sunt
761 954 853 1034 igitur
880 957 966 1015 solu·

124 1053 224 1124 ptates
245 1040 378 1120 corporis
399 1059 467 1099 cum
489 1039 678 1100 auctoritatis
692 1039 834 1121 praemiis
848 1060 969 1121 compa·

114 1123 266 1186 rendae?
310 1123 398 1183 uihus
420 1123 474 1206 qui
497 1122 656 1205 splendide
677 1124 724 1183 usi
745 1135 826 1196 sunt,
849 1125 871 1182 ii
894 1121 968 1183 mihi

124 1206 267 1269 ridentur
287 1144 422 1267 labnlam
445 1207 549 1289 aetatis
570 1208 731 1290 peregisse,
754 1228 810 1266 nec
824 1221 969 1299 tanquam

127 1292 321 1352 inexercitati
343 1293 505 1353 histriones
527 1294 558 1352 iu
580 1303 716 1352 extremo
727 1303 796 1351 actu
812 1292 969 1354 corruisse.
1027 1302 1041 1324 ⁶

126 1375 171 1459 At
191 1387 260 1435 sunt
282 1377 415 1451 morosi,
438 1388 469 1436 et
489 1375 598 1452 auxii,
620 1387 651 1435 ct
672 1375 837 1449 iracundi,
860 1389 891 1436 et
913 1375 970 1435 dis·

127 1458 221 1519 liciles
241 1480 349 1519 senes:
373 1459 397 1518 si
412 1462 612 1542 quaerimus,
634 1461 726 1521 etiam
753 1463 846 1522 avari.
870 1461 887 1521 b
909 1459 970 1521 Sed

37 1588 40 1593 ·
126 1543 203 1605 haec
225 1540 343 1604 morum
365 1543 438 1605 vitia
460 1557 539 1615 suut,
562 1567 623 1605 non
645 1544 818 1606 senectutis.
841 1547 887 1606 Ac'
909 1566 971 1604 mo·

126 1627 234 1690 rositaa
258 1639 380 1704 tamen,
402 1641 433 1688 et
454 1651 489 1689 ea
512 1628 610 1705 vitia,
633 1650 711 1711 quae
733 1627 820 1705 dixi,
856 1630 972 1691 hahent

126 1711 245 1793 aliquid
268 1712 490 1789 excusationis,
520 1735 581 1774 non
606 1714 687 1775 illius
709 1713 833 1795 quidem
858 1717 969 1776 iustae:

127 1795 181 1856 aed
203 1817 281 1877 qnae
302 1797 533 1878 probarisposse
563 1798 712 1859 videatur.
745 1797 904 1860 Contemni
941 1822 971 1859 se

128 1891 262 1964 putant,
284 1878 424 1961 despici,
445 1881 551 1955 ittudi;
575 1897 730 1964 praeterea
743 1882 773 1942 iu
787 1884 884 1968 fragili
902 1905 971 1944 cor·

127 1985 204 2047 pore
234 1961 339 2022 odiosa
375 1965 480 2031 opinis
500 1965 628 2032 offensio
655 1980 723 2027 esti
762 1989 839 2049 quae
871 1982 973 2030 tamen

46 2074 49 2078 ·
123 2046 232 2120 omnia
254 2044 391 2106 dulciora
414 2047 489 2106 fiunt
510 2060 541 2107 et
563 2050 648 2110 honis
669 2053 822 2127 moribus,
847 2067 878 2113 et
898 2055 974 2115 acti·

129 2129 206 2207 hiis:
231 2128 324 2211 idque
347 2140 417 2191 tuni
433 2132 466 2191 in
488 2131 571 2210 vita,
596 2147 658 2195 tum
680 2138 712 2197 in
734 2158 821 2198 scena
843 2139 974 2223 intelligi

131 2226 232 2296 potest
254 2236 293 2274 eii
314 2214 350 2273 iis
374 2215 535 2299 fratrihus,
555 2238 572 2277 c
595 2220 648 2300 qui
671 2223 703 2282 iu
726 2222 872 2305 Adelphis
894 2237 973 2286 sunt.

132 2297 255 2376 Quanta
277 2299 308 2358 in
331 2298 427 2360 altero
449 2300 574 2379 duritas,
598 2304 628 2363 in
639 2306 737 2366 altero
764 2309 899 2368 comitas.
921 2310 974 2370 Sic

40 2414 42 2417 v
75 2395 78 2399 ’
132 2402 164 2442 ae
185 2404 232 2443 res
253 2383 355 2444 habet.
378 2383 466 2445 th
486 2386 568 2447 enim
592 2410 651 2448 uon
675 2412 765 2452 omne
787 2393 909 2466 vinum,
932 2394 976 2453 sie

132 2485 195 2527 tion
217 2467 312 2527 omnis
334 2481 417 2529 aetas
437 2482 583 2532 vetustate
605 2477 763 2535 coacescit.
784 2500 801 2535 e
822 2475 975 2536 Severita-

133 2560 196 2610 tem
219 2551 424 2615 in'senectute
448 2557 568 2635 probo,
593 2559 655 2617 sed.
678 2581 770 2633 eam,
806 2560 883 2621 sicut
917 2561 977 2620 alia

134 2670 154 2706 a
171 2653 349 2774 Atlhenntienaei
366 2657 480 2725 sciunt,
496 2677 564 2729 quae
581 2671 654 2716 recta
673 2671 751 2732 aunt,
770 2665 815 2727 sed
832 2664 918 2722 iacere
930 2681 979 2725 ηο-

214 2740 231 2772 ti

136 2787 279 2841 dMorum
295 2791 362 2843 vitia
380 2809 435 2843 non
453 2802 606 2848 senectutis.

138 2872 155 2911 c
173 2856 317 2910 Terentius
334 2860 364 2910 in
379 2861 518 2929 Adelphis.

134 2920 158 2973 d
173 2921 324 2978 senectutis
341 2930 506 2998 comparatio
524 2931 558 2985 ad
575 2932 677 3004 uinum.

137 3007 153 3042 e
168 2989 320 3061 scieritis:
