2359 3567
581 180 601 209 Ο

317 232 319 235 ’
393 232 396 245 '
420 258 456 298 us
471 258 565 299 osric.
586 257 682 299 croam
858 238 925 321 369‘

115 325 210 410 eopia
232 322 454 405 requiriturvad
477 321 650 382 dicendum.
672 317 756 379 voco
778 330 878 383 autem
913 345 967 384 re·

118 434 190 472 rum
212 408 369 471 scientiam
392 406 618 489 physiologiam,
642 405 822 466 mathemata
845 420 968 490 praeceb
1062 468 1064 473 ,

118 510 175 578 pta
197 494 237 553 de
258 491 401 553 civilibus
423 490 568 551 moribus.
592 489 665 550 Nam
688 489 727 549 de
749 489 895 572 religione
917 494 968 555 hic

119 578 202 641 nihil
224 576 374 650 dicimus3
398 587 502 656 estque
524 576 562 636 ad
577 596 772 634 'communem
794 576 907 650 sitam,
929 578 967 638 in

121 664 230 744 primis
251 661 328 722 utile
350 681 384 719 ea
410 673 540 735 tenere,
563 681 642 741 quae
664 658 702 721 de
725 658 856 721 moribus
868 661 967 744 deque

120 747 219 808 civilis
241 748 318 805 vitae
340 742 557 805 cousuetudine
580 742 691 803 tradita
712 756 791 804 suut.
828 744 967 808 Belluam

120 831 225 905 dicas,
249 851 311 888 non
333 827 487 888 bominem
510 827 645 911 quisquis
667 849 729 888 non
752 842 797 890 est
830 832 967 892 excultus

119 912 358 975 hocfdoctrinae
373 933 504 992 genere,
537 924 568 972 et
603 910 642 970 ad
664 911 903 988 humanitatem,
935 929 968 978 et

83 1024 86 1027 ·
119 999 221 1060 civilia
242 996 340 1057 officia
361 995 552 1057 assuefactus.
576 992 651 1065 Nam
687 998 803 1059 virtutis
839 999 966 1080 incunte«

116 1082 210 1158 buln,
231 1094 324 1163 atque
344 1080 516 1141 rudimenta
539 1093 630 1159 suut,
651 1079 708 1141 hae
730 1080 862 1162 literae,
894 1086 963 1167 qui-

116 1166 176 1233 bus
196 1166 236 1227 ad
260 1166 448 1226 honestatem
472 1166 568 1225 teneri
589 1164 684 1226 animi
706 1165 839 1241 aluntur,
860 1181 892 1229 et
913 1193 965 1233 ex.-

75 1300 81 1309 .
115 1255 258 1314 citantur·
274 1249 374 1311 Porro
397 1271 458 1309 noo
482 1248 559 1335 alius
577 1261 668 1310 extat
690 1248 822 1313 libellus·
832 1252 869 1312 de
897 1276 963 1317 mo·

114 1336 202 1398 ribus
224 1334 391 1399 absolutior
412 1332 525 1395 Officiis
545 1334 712 1399 Ciceronis
727 1335 963 1420 Diligentissime

74 1483 78 1487 ,
112 1422 198 1481 enim
220 1417 371 1504 praecipit
390 1418 428 1478 de
450 1417 589 1481 omnibns
611 1418 691 1483 vitae
713 1421 864 1501 partibus,
886 1424 962 1505 quid
992 1434 994 1439 “

113 1503 221 1566 deceat
243 1502 411 1587 quamlibet
433 1516 573 1564 aetatem.
595 1501 722 1565 Accedit
754 1506 814 1568 buc
846 1506 961 1586 etiarn,

111 1589 197 1672 qnod
219 1588 298 1671 justo
320 1587 426 1647 ordine
457 1585 566 1647 formas
601 1583 745 1651 virtutum
778 1593 962 1673 proposuit,

110 1686 166 1735 aut
187 1684 328 1735 extarent
348 1671 387 1732 ob
409 1673 510 1733 oculos
533 1671 697 1737 lectoribus
712 1709 730 1747 ,·
747 1686 890 1758 tanquam
907 1699 959 1739 re.

109 1759 201 1839 gulae
222 1756 358 1819 omnium
379 1756 597 1831 consiliorum,
629 1770 660 1816 et
694 1755 850 1833 sactorum.
873 1760 979 1836 Fecit'

20 1840 22 1845 ’
109 1844 193 1904 enim
215 1854 346 1925 quatuor
367 1840 483 1905 virtutis
505 1840 661 1901 membra:
686 1843 893 1925 prudentiam,
910 1848 957 1909 iu·

109 1928 235 2003 stitiam,
258 1924 478 1998 fortitudinem,
500 1923 690 1987 modestiam:
706 1948 784 2007 quae
807 1942 958 2011 umquam

50 2006 54 2015 '
107 2011 194 2074 locos
216 2032 390 2075 communes
412 2022 586 2093 proponant
608 2008 665 2069 sibi
687 2010 906 2093 adolescentes,
923 2030 958 2077 ut

110 2119 147 2157 eo
170 2095 307 2158 relcrant
328 2095 429 2156 omnia
451 2094 493 2153 de
512 2093 645 2164 moribus
666 2095 790 2157 consilia
804 2144 815 2176 ,
828 2112 859 2160 et
880 2122 960 2181 quos

38 2214 43 2219 -
108 2181 296 2257 indicaturi,
319 2178 393 2261 quid
415 2177 538 2254 deceat,
561 2200 617 2239 ceu
638 2177 800 2244 Theseium
821 2181 957 2247 Theseus
1019 2218 1022 2223 ·
1086 2188 1088 2191 ’

108 2266 226 2339 tilium,
248 2277 421 2347 sequantur.
450 2261 544 2339 Nam,
566 2275 600 2325 ut
620 2261 724 2324 Zeusis
745 2286 838 2347 quum
860 2267 956 2330 Hele.
1041 2324 1046 2337 ,

109 2373 179 2423 uam
202 2349 388 2427 crotoniatis
410 2346 574 2430 pingeret,
597 2348 743 2411 inclusam
764 2351 900 2424 habebas
922 2353 955 2415 in

109 2436 213 2497 animo
229 2431 468 2519 pulcherrimam
491 2433 653 2514 quamdam
668 2433 800 2495 mulieris
811 2437 953 2520 speciem,

108 2541 187 2597 sen,
211 2532 246 2580 ut
266 2518 378 2585 Graeci
400 2516 517 2591 dicunt,
530 2515 610 2579 taio
631 2518 789 2583 collectam
811 2543 850 2582 ex
872 2523 953 2605 opti·

109 2605 168 2667 mis
190 2603 360 2686 exemplis:
384 2602 425 2663 ita
446 2599 688 2668 iudicaturos.de
709 2605 840 2668 moribus
861 2629 956 2689 opor·,

110 2691 278 2751 tet‘animo
301 2702 404 2750 tenere
421 2698 562 2768 tanquam
583 2683 693 2748 formas
713 2689 875 2771 quasdam,
893 2692 952 2754 vir·
1055 2724 1059 2733 ·

110 2784 210 2837 tntum
231 2773 469 2854 descriptiones,
490 2792 571 2916 puas
588 2772 770 2851 consulant,
802 2798 876 2858 quas
908 2777 954 2839 in-

109 2868 277 2933 tueantur,
300 2858 332 2917 in
354 2878 428 2939 quas
448 2855 488 2916 de
510 2866 581 2937 gau-t
602 2860 724 2934 oculos,
761 2863 885 2942 quoties.
914 2860 953 2927 de

106 2944 265 3004 honestate
287 2941 466 3005 deliberant.
489 2939 595 3021 Neque
617 2964 671 3031 φρ
686 2944 734 3005 hic
749 2945 789 3005 de
806 2945 952 3027 religione

107 3026 195 3100 dico,
216 3026 466 3108 quaeremsacris
485 3023 582 3083 literis
603 3015 732 3108 petenda
764 3041 817 3092 est.
849 3027 951 3091 Civilis

109 3112 186 3179 sitae
209 3111 395 3173 consuetudo
417 3133 435 3172 a
454 3107 610 3201 ‚Cicerone
643 3111 846 3199 describitur,
883 3136 950 3176 cum

752 3196 822 3276 Qu
