2359 3567
230 195 287 260 136
414 216 446 257 u.
469 215 496 257 r.
520 215 620 256 oscen.
640 212 678 255 ne
699 213 794 256 onio.
854 206 859 207 ’

183 279 259 342 disse
280 268 483 356 arbitrantur3
507 294 601 361 quum
623 278 702 360 ipsi,
725 276 861 361 quamvis
888 276 1031 363 magnum

181 365 308 448 aliquod
331 365 521 448 acceperint:
545 380 636 447 atque
657 363 749 424 etiam
771 385 788 422 a
810 385 842 424 se
864 365 1027 446 postulari,

181 463 234 510 aut
256 450 409 532 expectari
421 448 540 531 aliquid
555 449 753 531 suspicantur.
765 447 939 509 Patrocinio
958 472 1027 511 vero

147 548 149 551 ·
182 544 234 592 tuo
258 555 288 593 se
312 555 399 610 usos,
421 546 452 592 et
473 532 597 594 clientes
609 532 773 616 appellari,
786 553 805 590 α
818 533 919 593 mortis
931 532 1028 595 instar

180 630 297 699 putant.
321 621 363 678 At
396 638 465 678 vero
499 616 553 676 ille
585 617 710 691 tenuis,
746 638 840 698 quum
873 617 1025 701 quidquid

181 701 292 763 lactum
316 700 376 776 sit,
399 700 438 761 se
453 700 637 784 spectatum,
661 721 721 759 non
745 701 894 760 fortunam
915 717 1022 785 putet,

179 807 244 846 non
265 784 354 863 modo
377 785 445 862 illi,
468 788 520 868 qui
537 799 587 846 est
604 786 745 861 meritns‚
762 785 812 844 sed
835 787 925 845 etiam
947 787 1022 862 illis,

179 869 329 952 aquibus
354 883 492 951 expectat
527 873 620 951 (eget
642 870 722 930 enim
744 866 871 947 multis)
905 884 1022 952 gratum

150 969 153 975 ’
178 975 211 1013 se
233 954 327 1015 rideri
351 953 460 1014 studet.
484 952 587 1034 Neque
610 975 681 1013 vero
705 953 803 1013 verbis
823 967 913 1035 auget
933 978 1022 1019 suum

177 1045 310 1112 munus;
331 1038 355 1097 si
377 1059 443 1118 quo>
460 1038 537 1097 sorte
560 1037 718 1117 iungitur,
741 1037 793 1096 sed
821 1040 911 1099 etiam
938 1055 1023 1103 exte·

178 1136 263 1184 nnat.
285 1120 459 1182 Videndum
482 1134 512 1180 et
525 1120 604 1181 illud
615 1134 677 1196 est,
693 1120 774 1202 quod
797 1121 820 1179 si
842 1123 1020 1204 opulentum

176 1203 422 1287 fortunatumque
445 1205 635 1281 defenderis,
658 1203 689 1264 in
705 1204 759 1264 illo
773 1227 852 1280 uno,
876 1221 928 1268 aut
941 1209 1020 1271 sorte

176 1288 210 1350 in
231 1288 333 1352 liberis
355 1293 420 1351 eius
441 1302 542 1363 manet
563 1291 677 1374 gratia3
702 1289 719 1348 b
740 1292 786 1350 sin
813 1304 912 1352 autem
948 1294 1018 1355 ino·

175 1396 266 1458 pem,
299 1374 427 1459 probum
467 1389 594 1449 tamen,
625 1385 656 1432 et
691 1372 888 1453 modestum3
917 1399 1021 1440 omnes

92 1476 94 1481 ’
175 1481 235 1518 non
259 1460 388 1542 improbi
411 1458 565 1533 humiles,
588 1478 666 1540 quae
700 1479 806 1541 magna
835 1458 866 1518 in
902 1466 1021 1544 populo

174 1542 340 1604 multitudo
363 1556 427 1617 cst,
451 1541 634 1625 praesidium
658 1539 715 1600 sibi
738 1556 874 1624 paratum
904 1545 1018 1609 vident.
1104 1596 1105 1603 ,

173 1628 376 1705 Quamobrem
405 1627 511 1686 melius
540 1624 625 1709 apud
655 1625 772 1703 bonos,
801 1633 897 1709 'cpiam
935 1631 1018 1714 apud

174 1711 341 1773 fortunatos
381 1709 560 1777 beneficium
597 1709 741 1770 collocari
785 1724 867 1793 puto.
908 1713 1018 1776 Danda

176 1795 299 1856 omnino
322 1817 423 1877 opera.
442 1808 510 1870 est,
542 1794 686 1854 ut'omni
715 1795 818 1875 generi
850 1796 1017 1861 satisfacere

172 1880 327 1963 possimus
351 1879 409 1939 Sed
432 1879 457 1939 si
479 1902 526 1940 res
547 1903 563 1939 c
585 1879 615 1937 in
645 1879 865 1940 contentionem
895 1884 1018 1960 veniet,

172 1965 317 2041 nimirum
338 1962 361 2022 d
381 1962 601 2026 Themistocles
623 1975 668 2022 est
690 1975 796 2027 auctor
811 1964 1016 2046 adhibendus,

172 2049 341 2131 quiquam
362 2048 588 2122 consuleretur,
612 2056 714 2106 utrum
741 2047 822 2107 bono
849 2050 912 2109 viro
942 2075 1016 2134 pau.

171 2133 259 2216 peri⁷
281 2156 319 2193 an
341 2134 438 2193 minus
460 2132 587 2214 probato
610 2130 704 2190 diriti-
717 2129 808 2191 titiam
830 2133 1013 2199 collocaret:

68 2244 73 2251 ¹
173 2239 227 2298 ego
260 2239 349 2289 vero,
389 2217 488 2299 inquit
523 2215 602 2278 malo
639 2217 771 2314 virumn
796 2216 850 2298 qui
881 2214 1035 2299 pecunia

171 2314 275 2386 egeat,
298 2323 388 2383 quam
416 2300 602 2382 pecuniam,
632 2321 710 2382 quae
743 2321 819 2362 raro.
852 2301 914 2363 Sed
942 2311 1013 2375 cor-¹

170 2387 251 2469 rupti
273 2407 389 2457 mores,
412 2384 626 2466 depravatique
648 2396 719 2444 sunt
739 2383 937 2449 admiratione
961 2389 1012 2448 di·

169 2472 331 2548 ritiarum3
363 2491 489 2552 quarum
519 2467 692 2551 magnitudo
726 2468 799 2550 quid
832 2470 870 2531 ad
903 2493 1013 2533 unum.

170 2577 319 2639 quemque
341 2567 475 2616 nostrum
497 2553 654 2634 pertinet?
681 2551 774 2614 Illum
802 2554 924 2616 sortasse
953 2558 1009 2619 ad·
1045 2592 1048 2597 ·

168 2756 186 2793 a
203 2736 298 2790 Mortis
315 2737 422 2800 instar,
442 2735 510 2789 idest
526 2745 674 2790 extremum
691 2735 797 2791 malum.

168 2805 184 2856 b
202 2804 318 2856 Humilis
335 2802 461 2870 probitas.
566 2851 575 2869 ,
886 2814 891 2820 “

168 2888 183 2923 e
200 2871 404 2924 Contentionem
419 2910 427 2936 ,
444 2872 514 2923 idest
524 2872 767 2939 consultationem,
785 2879 813 2925 et
829 2873 1008 2929 collationem.

166 2936 608 3016 dThemistocles·'apophthegm
621 2938 792 2994 Malovirum
805 2941 861 2992 sine
878 2945 1010 3010 pecunia,
1040 2966 1043 2972 ·
1076 3002 1079 3007 q

199 3018 285 3068 quam
298 3006 355 3056 sine
372 3023 445 3082 raro⁴
455 3009 605 3073 pecuniam.
624 3006 700 3061 Nihil
717 3009 772 3062 dici
781 3009 872 3080 potuit
888 3009 931 3068 vel·
946 3028 1010 3080 qra-

200 3069 260 3124 riuc
276 3109 283 3137 ,
302 3072 345 3125 rel
360 3072 488 3143 festivius.

241 3164 244 3169 ι
690 3152 702 3183 a
