2359 3567
261 256 330 339 '¹7⁸
456 279 486 318 u.
509 280 538 320 τ.
560 267 656 321 nicea.
678 283 715 323 nn
736 281 830 326 orne.

177 364 182 371 ’
227 338 265 403 ad
288 340 493 422 eloquendum
517 347 653 422 venerit,
676 368 737 407 non
759 351 826 431 plus
859 368 950 432 qnam
978 359 1074 419 semel
1114 392 1121 399 ,

226 425 394 508 eloquetur.
415 448 435 486 o
458 428 497 506 Q.
521 428 644 510 quidem
666 432 832 508 Scaevola,
855 435 957 496 Publii
979 431 1093 517 filius‚'

227 530 326 590 quum
383 511 519 573 stulasset
536 523 556 588 ‚'
569 526 603 574 ut
624 514 681 575 sibi
703 515 815 577 fundus
829 538 845 596 ,’
864 521 950 581 euius
972 538 1072 587 emtor

226 607 314 673 erat,
377 597 466 656 semel
489 619 506 657 n
529 597 735 675 indicaretur,
758 601 850 684 idque
871 604 1011 666 uenditor
1026 610 1071 669 ita

226 679 360 755 secisset3
383 679 485 751 dixit,
508 703 538 741 se
561 682 655 762 pluris
676 686 849 746 aestimaret
862 687 982 751 addidit
993 714 1070 753 een·
1115 677 1132 717 ⁸*

215 775 289 851 {tum
312 763 418 825 millia.
440 762 533 825 Nemo
555 779 626 841 est,
649 770 702 848 qui
726 768 782 829 hoc
804 770 858 829 viri
880 772 951 833 boni
976 775 1069 836 luisse

225 863 336 931 neget:
358 848 498 932 sapientis
521 863 652 931 negant3
675 850 698 909 d
718 865 751 912 ut
771 853 795 912 ai
817 854 961 930 minoris,¹
975 881 1069 939 quam

225 934 394 1015 potuisset,
417 934 609 995 vendidisset.
632 934 715 995 Haec
737 936 828 1018 igitur
850 952 894 999 est
915 940 967 1000 illa
997 965 1068 1024 per·

226 1017 320 1078 uicies
341 1017 423 1099 quod
445 1018 521 1078 alios
543 1018 663 1091 bonos,
685 1019 759 1080 alios
792 1024 939 1104 sapientes
961 1027 1069 1087 existi-

224 1115 319 1164 mant.
340 1124 357 1161 e
379 1100 426 1163 Ex
449 1123 510 1183 quo
533 1103 675 1185 Ennius,
713 1108 930 1189 necquicquam
962 1132 1071 1194 sapere

224 1189 413 1269 sapientem,
436 1188 489 1268 qui
512 1187 575 1269 ipse
597 1187 653 1246 sibi
689 1189 827 1270 prodesse
861 1215 930 1264 non,
956 1196 1069 1275 quiret.

224 1270 305 1333 Vero
318 1272 349 1331 id
365 1269 499 1354 quidem,
513 1272 639 1352 Qquid
657 1285 733 1332 esset
748 1274 897 1355 prodesse,
910 1277 984 1339 milii
1000 1303 1070 1342 eum

154 1417 158 1421 .
224 1355 324 1419 Ennio
336 1356 543 1417 convenirent.
566 1355 751 1417 Hecatonem
767 1359 891 1437 quidem
902 1361 1071 1441 Rhodium,

224 1438 406 1528 discipulum
429 1440 591 1513 Panaetii,
614 1438 701 1501 video
725 1444 754 1501 in
778 1442 813 1501 iis
850 1443 956 1523 libris,
993 1471 1073 1530 quos

223 1526 261 1589 de
282 1528 386 1590 officiis
408 1527 527 1611 scripsit
550 1524 590 1605 Q
614 1523 794 1599 Tuberoni,
816 1526 930 1604 dicere,
953 1533 1072 1614 sapien.

225 1615 262 1673 tis
284 1635 369 1689 esse,
391 1612 470 1674 nihil
492 1625 600 1674 eontra
623 1631 730 1684 mores,
754 1611 843 1692 leges,
866 1613 1002 1674 instituta
1023 1617 1072 1689 la-

181 1694 183 1697 ’
223 1698 379 1775 cientem,
404 1697 522 1783 habere
541 1696 690 1756 rationem
711 1695 756 1755 rei
778 1696 942 1759 familiaris.
964 1698 1072 1782 Neque

224 1784 304 1844 enim
328 1784 423 1844 solum
447 1782 533 1843 nobis
555 1781 664 1841 divites
685 1803 750 1840 esse
773 1780 933 1858 volumus,
957 1784 1009 1843 sed
1034 1785 1072 1847 li·

117 1884 120 1888 “
221 1869 327 1942 beris,
363 1868 561 1950 propinquis,
597 1866 725 1942 amicis,
764 1865 955 1948 maximeque
993 1869 1070 1951 reip.

223 1952 417 2036 Singulorum
439 1954 520 2012 enim
543 1949 716 2022 facultates,
740 1962 771 2009 et
792 1951 917 2033 copiae,
946 1951 1071 2013 divitiae

222 2051 290 2101 salut
311 2036 449 2098 civitatis.
471 2036 549 2096 lluin
579 2036 723 2096 Suevolae
761 2032 898 2109 sactum,
935 2036 974 2096 de
1007 2061 1072 2119 quo

223 2124 330 2204 paullo
353 2133 424 2181 ante
461 2120 551 2194 dixi,
585 2121 713 2203 plaeere
740 2118 937 2180 nullomodo
981 2133 1071 2186 otest.

224 2207 346 2266 Etenim
360 2206 483 2266 omuino
501 2217 623 2265 tantum
645 2227 676 2263 se
699 2218 787 2286 negat
799 2145 1071 2288 iacturumlcom-

149 2348 152 2352 ,
221 2291 325 2374 pendii
348 2292 393 2350 sui
414 2306 534 2365 naussa3
557 2289 638 2372 quod
673 2311 733 2349 non
769 2290 868 2351 lineat.
899 2288 977 2350 Huic
1013 2313 1070 2352 nee

223 2379 287 2436 laus
317 2377 446 2441 unanima
477 2374 636 2434 tribuenda
675 2388 745 2451 est,
780 2395 833 2434 nec
868 2376 975 2456 gratia.
1008 2375 1070 2436 Sed

222 2467 284 2522 sive
306 2459 457 2520 simulatio
479 2472 509 2519 et
531 2458 727 2518 dissimulatio
750 2455 837 2519 dolus
868 2458 964 2519 malus
997 2474 1068 2535 est3

222 2566 389 2633 perpaucae
412 2566 459 2605 res
481 2557 575 2621 sunt,
600 2545 630 2604 in
654 2544 763 2624 quihus
784 2544 872 2604 dolus
894 2543 948 2604 iste
971 2543 1071 2606 malus

222 2766 239 2800 a
256 2746 332 2799 Nova
351 2744 477 2800 Sneuolae
495 2747 524 2797 in
541 2745 654 2803 emendo
671 2743 816 2812 integritas

222 2817 237 2866 t
255 2816 352 2877 Semel,
367 2815 435 2865 idest
454 2822 484 2865 ut
501 2814 588 2865 statim
607 2830 741 2865 summum
753 2812 872 2882 pretium
883 2811 1069 2885 eloqueretur.

222 2902 237 2933 e
255 2881 424 2934 ludicaretur
437 2920 445 2940 ,
458 2882 527 2932 idest
543 2880 704 2932 aestimaret.
820 2936 823 2941 ,
940 2896 941 2899 ’

221 2949 241 3001 d
256 2949 349 3002 Simile
368 2957 407 3000 est
424 2950 537 3002 vendere
556 2948 687 3016 minoris,
714 2968 794 3021 quam
811 2949 916 3023 possis,
935 2956 1070 3001 attenuere

289 3017 388 3083 pluris,
407 3033 487 3082 quam
505 3017 597 3084 possis.

221 3097 237 3129 a
253 3080 295 3132 Ex
312 3083 401 3134 Ennio
420 3084 522 3134 Medea.

108 3194 113 3203 l
214 3145 242 3209 s
251 3146 463 3234 Compendium,
487 3153 557 3208 idest
573 3151 689 3207 lucrum.
728 3193 730 3197 f

1175 2532 1177 2579 i

1172 2602 1176 2819 l
