2359 3567
114 254 119 259 .
461 198 614 277 ninnnoxa
861 198 917 259 ios

113 310 190 353 tuen
216 309 287 347 vera
308 287 387 347 ratio
408 285 522 346 valebit
549 308 639 369 quam
662 281 742 366 vulgi
764 281 878 363 opinio.
900 280 962 344 Ne·

113 395 178 455 que
215 393 271 452 ego
293 391 440 451 unquam
459 367 728 451 bouaperditlisse
750 367 848 426 dicam
871 367 964 447 siquis

112 477 214 538 pecus
250 467 302 514 aut
323 454 559 538 suppellectilem
592 452 733 513 amiserit.
770 450 873 533 Neque
900 472 964 510 non

112 561 211 622 saepe
267 538 415 607 laudabo*
431 537 594 620 sapientem
619 538 707 597 illum
730 535 902 623 (tiliantem
929 528 965 593 ul

112 623 260 703 opinor)
294 621 347 701 qui
370 634 545 687 numeratur
578 623 608 681 in
632 634 767 702 septem:
791 621 875 678 euius
895 639 967 677 cum

112 706 252 787 patriam
275 705 416 765 Prienem
443 705 569 788 cepisset
598 706 711 778 hostis,
746 704 898 784 ceterique
922 702 964 761 ita

114 789 266 869 lugerent
296 800 330 847 ut
355 791 449 849 multa
483 789 520 848 de
541 789 601 848 suis
630 789 719 849 rebus
740 809 839 846 secum
860 786 965 868 aspor-

114 885 246 951 tarent]
263 901 266 904 ⁴
284 886 378 954 quum
407 885 484 933 esset
511 872 681 934 admonitus
709 871 900 951 aquodam,
931 882 964 930 ut

115 955 203 1015 idem
226 956 289 1037 ipse
324 956 461 1017 laceret:
484 957 547 1041 Ego
569 979 638 1017 vero
661 955 871 1037 inquitisum,
895 976 965 1017 nam

114 1040 225 1099 omnia
259 1059 325 1100 mea
351 1060 467 1101 mecum
490 1053 589 1123 porto.
611 1062 631 1100 o
652 1042 709 1101 llle
732 1043 807 1101 haee
829 1038 965 1098 ludibria

116 1124 265 1183 lortuoae
287 1143 326 1183 ne
347 1146 399 1184 sua
421 1124 544 1206 quidem
566 1125 705 1207 putavit,
729 1144 807 1204 quae
831 1145 884 1181 nos
906 1143 963 1203 ap·
995 1160 997 1163 -

117 1208 275 1287 pellamus
296 1207 386 1268 etiam
407 1208 497 1270 hena.
531 1208 615 1285 Quid
637 1222 682 1266 est
702 1208 813 1289 igitur,
841 1219 965 1287 quaeret

60 1344 63 1350 .
117 1290 263 1372 aliquis,
296 1290 438 1349 bonum?
462 1290 664 1373 siquid-recte
690 1292 744 1365 fit,
766 1304 798 1351 et
819 1290 964 1365 honeste,

118 1386 152 1431 et
190 1397 260 1434 cum
293 1374 401 1434 virtute
434 1374 466 1434 id
499 1374 662 1434 bene'lieri
694 1395 763 1432 vere
784 1372 912 1447 dicitur3
935 1386 966 1433 et

94 1505 97 1511 .
118 1457 206 1537 quod
227 1471 343 1516 rectum
361 1503 370 1532 ‚
394 1471 424 1517 et
439 1459 624 1530 honestum,
647 1473 677 1517 et
699 1478 767 1518 cum
791 1457 900 1515 virtute
922 1469 966 1517 est

118 1541 150 1599 id
175 1541 273 1600 solum
306 1542 415 1623 opinor
447 1541 572 1603 bonum.
602 1540 662 1602 s'ed
684 1544 757 1603 haec
779 1540 873 1599 videri
894 1562 964 1623 pos-

119 1638 195 1687 sunt
217 1625 407 1700 obscuriora,
421 1648 514 1707 quum
531 1627 641 1686 lentius
664 1626 881 1708 disputantur:
907 1626 965 1693 vita

118 1718 214 1789 ats'luc
236 1708 322 1767 sactis
342 1706 516 1769 illustrantia
534 1724 605 1771 sunt
627 1730 811 1770 summorum
833 1709 966 1770 vitorum

118 1780 221 1869 last,
238 1808 322 1874 'quae
335 1795 430 1875 verbis
443 1793 601 1869 subtilius,
617 1817 707 1876 quam
730 1795 798 1853 satis
819 1806 885 1868 est,
907 1793 970 1852 dis·

51 1888 53 1891 '
111 1922 113 1929 .
140 1875 226 1935 utari
245 1875 395 1937 videntur.
418 1877 541 1955 Quaero
562 1879 645 1947 enim
666 1877 797 1953 anobis,
820 1876 965 1937 num‘ul·

116 1897 185 2019 lam
217 1959 427 2039 cogitationem
463 1961 606 2030 *habuisse
641 1962 798 2022 videantur
831 1962 875 2035 ii,
913 1961 966 2042 qui

119 2042 205 2109 haue
228 2041 441 2121 rempublicam
475 2045 708 2126 tamipraeclare
731 2043 887 2125 fundatam
909 2066 973 2102 nom

122 2125 172 2184 bis
211 2124 421 2206 reliquerunt,
448 2138 500 2184 aut
521 2129 633 2207 argenti
655 2130 693 2189 ad
715 2130 892 2204 avaritiam,
915 2140 971 2187 aut

122 2209 339 2269 amoenitatum
370 2209 407 2268 ad
429 2209 681 2290 delectationem,
697 2228 749 2272 aut
771 2213 965 2356 suspellecti·

125 2293 164 2353 lis
185 2276 233 2350 „ad
266 2292 412 2370 delicias,
431 2332 433 2335 ·
450 2307 503 2355 aut
524 2296 681 2377 epularum
703 2298 740 2356 ad
769 2295 963 2379 vouptates?

89 2445 94 2453 ¹
126 2375 235 2439 Ponite
257 2391 326 2437 ante
340 2380 442 2439 oeulos
458 2401 704 2462 unumquemque
723 2403 834 2460 regum.
851 2380 868 2437 b
888 2377 967 2436 Vul-

30 2460 33 2465 ’
121 2459 188 2535 tis,
217 2481 235 2516 a
257 2457 552 2536 Romuloi'vultis,
575 2477 644 2545 post
665 2464 791 2524 liberam
813 2461 967 2521 civitatem

127 2543 167 2602 alt
192 2542 235 2601 iis
256 2547 348 2625 ipsis,
383 2545 434 2626 qui
457 2546 658 2621 liberaverunt
690 2539 783 2607 eam'?
806 2566 822 2603 c
845 2542 966 2621 Quibus
998 2544 1003 2558 '

102 2662 104 2673 ν
134 2623 253 2687 tandem
275 2629 414 2708 gradibus
436 2631 583 2693 Romulus
609 2631 742 2697 ascendit
763 2630 795 2688 in
817 2626 965 2689 eoelum?

128 2710 207 2789 lianc
220 2716 233 2787 ‚'
245 2733 322 2794 quae
334 2713 383 2777 isti
396 2713 474 2774 bona
486 2715 669 2796 appellant?
686 2736 726 2774 an
747 2712 837 2773 rebus
858 2712 968 2792 gestis,

128 2878 145 2911 a
162 2840 364 2927 Epiphooema‚
383 2878 436 2929 quo
452 2861 592 2912 concludit
608 2860 711 2913 Biantis
729 2858 893 2915 sententiam.

128 2927 143 2976 l
161 2926 321 2978 Inductione
338 2930 435 2994 probat
452 2929 559 2980 divitias
583 2947 598 2979 a
616 2928 749 2981 veoenuus
766 2923 893 2976 Romanis
911 2939 967 2979 no!

146 3009 150 3018 ⁴
195 2994 300 3044 habitas
318 2995 347 3044 in
365 2995 426 3044 albo
443 2996 584 3045 honorum.

129 3055 511 3134 cunuoo'sooieheoeo,
530 3068 557 3114 et
573 3061 690 3129 copiosa.
773 3044 774 3049 ’
861 3041 865 3046 ’
