2359 3567
232 83 292 145 128
405 104 452 175 ,ro
474 105 502 146 r.
524 100 620 147 uera.
641 105 678 146 us
707 93 800 147 amre.

158 184 162 193 “
187 190 207 229 a
229 166 430 251 praedonibus
452 168 625 243 redimunt,
645 183 698 230 aut
720 192 773 230 aes
792 168 926 230 alienum
947 171 1038 233 susci·

189 252 279 334 piunt
300 251 489 331 amicorum,
511 266 564 315 aut
586 252 618 314 in
640 254 769 315 tiliarum
791 275 810 313 o
838 253 1037 325 collocatione

188 335 356 413 adiuvant,
379 334 433 399 aut
455 336 643 419 opitulantur
664 338 695 399 in
718 361 749 398 re
771 339 818 398 vel
841 340 1037 421 quaerenda,

189 419 236 480 sel
259 421 407 504 augenda.
423 418 536 504 ‘ltaque
558 423 671 494 miror,
694 422 769 504 quid
791 422 822 482 io
845 434 975 482 mentem
990 446 1038 483 ve-

191 504 270 566 nerit
292 507 310 566 b
342 506 529 589 Teopbrasto
551 505 583 566 in
596 527 632 566 eo
646 505 742 581 libro,
759 506 898 588 quemde
916 505 1038 567 divitiis

185 589 328 672 scripsit,
350 591 382 651 in
405 613 466 671 quo
488 589 581 650 multa
597 589 775 672 praeclare,
797 589 874 650 illud
896 590 1038 651 absurde.

189 673 243 735 Est
263 675 344 738 enini
367 675 481 736 multus
503 674 535 735 in
558 673 708 734 laudanda
730 673 977 755 magnificentia,
1007 686 1038 734 et

191 760 388 841 apparatione
424 758 616 843 popularium
647 762 836 839 munerum3
873 757 1042 840 taliumque

106 894 109 900 s
191 856 342 905 sumtuum
364 843 560 919 facultatem,
583 843 714 903 [ructum
733 842 906 903 divitiarum
939 855 1037 924 putat.

146 995 151 1001 ⁴
188 925 267 987 Mihi
289 943 390 989 autem
406 928 459 987 ille
483 926 596 989 fructus
612 924 822 1002 liberalitatis,
837 927 922 986 euius
938 947 1040 1003 exem-

190 1008 243 1093 pla
265 1035 360 1095 pauca
380 1011 491 1095 posui,
515 1012 637 1085 multo,
660 1024 690 1071 et
712 1012 809 1071 maior
829 1010 976 1086 videtur,
1009 1023 1040 1070 et
1129 1035 1132 1039 ’
1162 1018 1172 1059 t

191 1096 312 1158 certior,
333 1099 456 1175 Quanto
478 1095 655 1157 Aristoteles
677 1095 808 1175 granius,
822 1108 852 1154 et
875 1095 973 1156 verius
986 1114 1042 1155 nos
1087 1094 1118 1139 Ἀ

189 1181 410 1261 reprehendit,
433 1179 486 1262 qui
507 1181 564 1243 has
582 1180 740 1241 effusiones
761 1179 955 1259 pecuniarum
979 1174 1043 1240 uoti
1077 1180 1083 1246 J

191 1262 394 1342 admiremur,
418 1285 496 1346 quae
518 1266 632 1330 fiuntc
655 1262 692 1324 ad
714 1262 949 1322 multitudinem
965 1261 1042 1322 deli·

189 1348 358 1411 ·nieudaml
380 1350 421 1410 At
442 1351 488 1425 ii,
513 1350 566 1430 qui
592 1370 659 1408 eum
684 1345 723 1405 ab
746 1347 834 1406 hoste
856 1345 1040 1423 obsideant,

148 1469 152 1473 ‡
190 1432 217 1491 si
240 1456 338 1495 emere
360 1455 457 1514 aquae
479 1433 642 1495 sextarium
658 1430 746 1490 'mina
767 1444 966 1513 cogerentur,
983 1432 1043 1494 boe

104 1538 107 1543 ·
192 1517 290 1598 primo
312 1519 419 1578 auditu
442 1516 622 1579 incredibile
644 1514 732 1575 nobis
749 1514 860 1587 videri,
877 1535 1042 1597 omnesque

192 1600 216 1658 d
237 1603 362 1677 mirari3
387 1601 439 1673 sed
461 1610 555 1683 quum
576 1598 787 1675 attenderint,
807 1598 925 1659 veniam
939 1620 1044 1659 neces*

195 1683 274 1744 sitati
296 1685 392 1759 dare·,
415 1685 446 1745 iu
468 1685 514 1748 his
536 1685 720 1745 immanibus
753 1681 904 1760 iacturis,
939 1683 1041 1744 inlini·
1067 1712 1074 1718 1
1171 1676 1172 1746 Ῑ

194 1767 292 1850 tisque
319 1770 466 1831 sumtibus
490 1769 575 1830 unibil
610 1790 663 1828 nos
700 1789 882 1849 magnopere
915 1766 1045 1843 mirari,

194 1873 287 1932 quum
309 1853 483 1936 praesertim
497 1875 553 1914 nec
567 1851 735 1913 necessitati
758 1850 971 1927 subveniatur,
989 1871 1047 1915 nee.

162 1955 166 1959 ·
195 1933 324 2016 dignitas
346 1950 515 2019 augeatur3
537 1939 664 2019 ipsaque
686 1935 739 1994 illa
761 1934 925 2019 delectatio
943 1933 1045 1995 multi-

193 2017 310 2080 tudinis
332 2022 370 2081 sit
388 2022 429 2091 ad
452 2021 571 2101 breve,
584 2022 789 2102 exiguumque
798 2031 932 2100 tempus:
949 2039 1047 2100 eoque

195 2125 215 2162 a
236 2103 404 2165 laevissimo
426 2127 543 2189 quoque
557 2128 570 2165 r·
595 2106 627 2165 iu
656 2124 717 2186 quo
754 2115 853 2162 tamen
886 2102 952 2184 ipso
985 2122 1048 2165 uua

196 2207 265 2247 eum
291 2189 429 2253 satietate
453 2191 599 2259 memoria
633 2209 755 2270 quoque
784 2187 945 2248 moriatur,
959 2186 1046 2246 volu-

194 2273 297 2353 ptatis.
320 2272 402 2336 Bene
425 2274 516 2355 etiam
529 2273 672 2356 colligit,
694 2274 769 2334 baec
790 2271 911 2353 pueris,
930 2281 962 2329 et
977 2292 1046 2334 mu·

177 2355 331 2434 2liereulis
348 2371 413 2435 ,et
433 2360 547 2439 serris,
569 2372 600 2418 et
633 2378 785 2418 servorum
819 2353 980 2419 simillimis
1005 2353 1050 2414 li.

196 2439 277 2521 beris
299 2463 360 2506 esse
389 2454 495 2526 grata:
525 2441 609 2526 gravi
639 2463 708 2504 vero
740 2440 880 2516 homini,
918 2450 949 2498 et
987 2460 1048 2519 ea,

146 2537 148 2542 '
196 2546 275 2607 quae
297 2524 394 2606 finnt,
425 2527 538 2596 iudicio
571 2532 667 2591 certo
686 2523 893 2609 ponderanti,
924 2522 1049 2605 probari

196 2707 215 2741 α
232 2688 439 2762 Collocatione,
459 2712 543 2765 quum
559 2699 674 2760 nuptum
691 2692 798 2744 dantur.

197 2757 344 2812 &Notatus
363 2783 377 2814 a
395 2762 453 2815 Cic.
473 2761 665 2829 Teopbrastus.
860 2766 862 2769 ’

201 2843 216 2875 e
234 2827 277 2878 Ad
295 2830 495 2883 rnrrltitudiuem
513 2828 713 2894 deliniendam,
730 2825 761 2880 in
785 2822 879 2880 multis
907 2820 1051 2896 exempla*

235 2894 310 2944 ribus
327 2914 384 2951 nou
401 2907 441 2952 est
457 2896 634 2964 adscriptum.

198 2956 219 3008 d
234 2960 321 3015 Miror
338 2965 368 3018 iu
385 2965 480 3019 malam
496 2964 613 3037 pittem,
