2359 3567
453 258 510 300 arn.
532 260 545 299 ι
564 262 627 301 err.
649 261 695 302 nu
828 284 833 294 ·
914 243 955 328 Χῖ

143 343 165 383 ι
183 320 291 405 Turpe
311 331 358 381 est
378 323 488 399 enim,
518 325 667 407 valdeque
701 325 859 400 uitiosum,
897 329 928 388 in
961 351 1001 389 re

143 430 250 468 severa
274 406 405 467 convivii
420 407 502 468 dieta
519 455 529 483 ,
553 423 605 470 aut
621 410 782 471 delicatum
799 411 932 494 aliquem
946 414 997 473 in·

79 567 83 572 ι
143 491 229 552 lerre
249 512 432 552 sermonem.
454 492 537 552 Bene
560 494 715 568 Pericles,
740 516 833 576 quum
869 495 998 556 baberet

143 576 293 656 collegam
316 577 347 635 in
371 587 515 658 praetura
538 578 719 662 Sophoclem
734 592 879 662 poetam,
903 579 1002 660 bique

144 658 184 718 de
208 661 366 719 communi
387 660 491 721 officio
511 664 743 736 convenissent,
765 676 796 722 et
824 685 894 721 casu
931 664 1001 722 sor-

143 763 247 803 mosus
269 767 345 826 puer
367 747 570 826 praeteriret,
594 748 780 829 dixissetque
810 747 1000 829 Sophocles:

77 853 85 868 ι
144 826 173 885 θ
197 851 325 909 puerum
349 829 533 910 pulchrum,
555 831 693 892 Pericle!
717 832 849 893 atenim
879 844 1002 914 praeto·-

83 915 85 920 ⁴
144 932 235 987 rem,
258 911 435 996 Sophocle,
459 914 546 975 decet
569 938 631 975 non
655 916 752 976 solum
779 937 911 987 manus,
945 915 1001 975 sed

114 1041 116 1043 -
144 997 239 1057 etiam
262 997 366 1057 oculos
388 997 573 1060 abstinentes
590 1000 714 1062 habere.
730 1002 830 1081 Atque
846 1000 903 1059 boc
917 998 1002 1059 idern

144 1077 335 1161 Sophocles,
359 1083 436 1144 siin
467 1084 484 1143 ir
513 1085 700 1145 athletarum
734 1085 916 1168 probatione
948 1084 1003 1143 dim

144 1149 265 1240 nisset,
286 1167 365 1225 iusta
387 1168 626 1249 reprehensione
647 1171 803 1230 caruisset.
823 1168 923 1228 Tanta
955 1169 1005 1227 vis

144 1260 191 1308 est
213 1262 245 1309 et
267 1249 353 1323 ioci,
384 1264 416 1311 et
450 1255 620 1336 temporis,
653 1266 688 1313 ut
719 1255 747 1313 si
783 1252 867 1335 (ptis,
905 1274 1003 1334 quum

144 1353 283 1395 caussam
308 1335 345 1394 sit
367 1348 515 1411 acturus,
534 1339 564 1398 in
590 1339 727 1409 itinere,
749 1350 801 1397 aut
823 1337 855 1396 ia
890 1337 1005 1396 ambu-

143 1415 262 1478 latione
284 1439 385 1478 secum
401 1421 468 1502 ipse
488 1422 678 1497 meditetur,
701 1434 755 1481 aut
776 1419 799 1478 si
823 1419 895 1502 quid
915 1420 1003 1481 aliud

144 1504 294 1562 attentius
315 1504 450 1584 cogitet„
476 1528 537 1565 non
572 1504 846 1590 reprehendature
872 1517 903 1565 at
941 1505 1001 1564 hoc

143 1584 225 1646 idem
249 1588 273 1647 si
297 1589 330 1664 in,
351 1589 488 1649 convivio
511 1590 603 1651 faciat
614 1636 629 1664 ,
648 1591 834 1650 inhumanus
846 1588 985 1649 videatur
992 1634 1010 1664 ,

71 1715 77 1728 .
142 1668 264 1731 inscitia
288 1675 441 1755 temporis.
464 1674 524 1734 Sed
545 1698 580 1735 ea
596 1721 609 1748 ‚
629 1698 708 1757 quae
731 1676 861 1735 muitum
882 1673 921 1732 ab
938 1673 998 1733 hu·

143 1757 293 1815 manitate
313 1756 508 1839 discrepant,
527 1772 560 1819 ut
582 1760 606 1818 si
629 1761 702 1842 quis·
720 1759 751 1819 in
775 1759 847 1819 soro
864 1769 1004 1831 cantet,

143 1851 197 1899 aut
219 1840 244 1899 si
267 1862 327 1922 qua
351 1854 395 1901 est
409 1843 468 1903 alia
482 1865 589 1925 magna
607 1846 811 1925 perversitas,
829 1843 920 1903 iaciie
942 1864 1004 1923 ap-

143 1935 277 2004 parent,
301 1947 358 1985 nec
381 1948 564 2010 magnopere
580 1927 840 2004 admonitionem,
864 1939 895 1985 et
910 1947 1004 2007 prae-v

145 2020 231 2089 cepta
255 2008 456 2072 desiderant:
481 2034 559 2093 quae
581 2026 687 2073 autem
722 2034 818 2096 parva·
854 2010 1005 2070 videntur

143 2111 207 2151 esse
229 2091 360 2169 delicta,
382 2116 482 2178 neque
504 2119 524 2156 a
544 2097 646 2157 multis
671 2096 809 2176 vintelligi
846 2105 1003 2178 possunt,

144 2174 182 2234 ab
204 2177 242 2237 iis
263 2190 307 2237 est
328 2178 513 2260 diligentins.
525 2179 754 2241 declinandum:
775 2203 791 2239 c
815 2192 849 2239 ut
871 2178 902 2238 in
928 2175 1003 2236 fidi··

143 2257 224 2332 bus,
247 2274 301 2320 aut
323 2263 354 2321 in
379 2264 479 2340 tiliis,
503 2265 640 2347 quamvis
656 2266 792 2347 paullum
805 2262 1003 2342 discrepent,

144 2355 244 2403 tamen
269 2345 300 2406 id
325 2366 342 2404 a
364 2350 477 2408 sciente
500 2349 703 2410 animadverti
725 2345 856 2408 soletssd
877 2345 926 2407 Sic
949 2344 1000 2403 vi·-

145 2426 278 2488 dcudum
301 2443 344 2490 est
368 2431 398 2491 in
424 2435 508 2510 vita,
532 2456 570 2493 ue
593 2433 673 2495 sorte
708 2431 802 2514 quida
819 2432 1002 2510 discrepet,

144 2511 191 2570 tel
214 2514 311 2573 multo
334 2515 425 2575 etiarn
449 2520 562 2599 magis,
596 2539 657 2600 quo
686 2518 782 2580 maior
819 2527 851 2574 et
887 2512 1001 2572 melior·

145 2597 323 2673 actionum,
336 2601 435 2683 'quam
457 2622 606 2665 morum
624 2610 788 2663 concentus
809 2611 863 2661 est.
887 2598 1000 2679 ltaque

142 2898 161 2934 a
176 2881 340 2965 Indaeorum.
352 2894 400 2938 aut
415 2889 447 2940 in
460 2905 496 2943 re·
509 2883 582 2945 teria.
595 2894 709 2962 nugari,
728 2897 774 2944 aut
789 2891 819 2946 iu
847 2903 882 2938 re*
903 2884 996 2938 ίῡθῦδθ

207 2969 307 3003 sermm
325 2970 387 3007 esse.
595 3003 598 3011 ,
850 2986 852 2989 -

144 3015 315 3081 lAthietae,
333 3022 498 3089 quintanis
516 3028 677 3080 exercendae
695 3025 778 3094 gratia
796 3026 906 3075 certant.

141 3099 158 3132 c
173 3084 316 3139 Harmonia
334 3097 363 3139 ut
379 3090 408 3141 iu
426 3095 537 3163 fidibus,
557 3097 594 3147 ita
611 3104 637 3147 et
655 3096 682 3145 in
700 3094 761 3143 vita.

143 3148 214 3202 thc
232 3156 348 3232 minimis
366 3160 474 3223 quidem
491 3163 520 3216 ia
538 3166 618 3220 retus
636 3166 764 3232 oporteta
775 3158 856 3225 loco,
875 3170 905 3207 ac
922 3161 988 3208 tem·

184 3236 269 3290 nore
286 3222 438 3292 necatae.
491 3278 495 3288 .
