2359 3567
338 160 386 199 sev
409 158 446 199 ns
468 157 635 200 smecrvm.
822 136 880 217 293

80 245 136 284 eur
170 221 243 306 quid
266 223 327 304 ipse
360 223 483 283 sentiam
514 222 551 283 de
573 234 692 296 morte,
714 240 774 281 non
796 220 923 281 audeam

81 307 167 368 vobis
203 307 323 387 dicere:
354 307 435 389 quod
458 329 493 366 ee
515 307 620 368 melius
641 304 714 366 mibi
736 326 858 365 cernere
880 305 924 364 si-

80 391 156 451 deor
176 412 237 473 quo
259 390 297 451 ab
318 414 352 452 ea
374 385 497 474 piopius
518 390 632 451 absum.
653 390 719 471 Ego
741 401 852 449 vestros
873 413 925 472 pa·
937 394 945 465 Ἰ

82 488 169 549 tres,
200 475 234 537 P.
258 476 358 557 Scipio
388 489 480 556 tuque
502 474 538 536 C.
560 474 672 548 Laeli,
697 474 772 533 viros
793 473 921 533 clarissb

81 580 167 618 mos:
191 558 336 642 inibique„
353 560 542 627 amicissimos
565 559 661 618 vivere
684 558 831 632 arbitror,
853 580 872 615 a
894 571 925 617 et

80 665 148 703 eam
165 643 284 722 quidem
309 644 420 718 vitam,
442 658 520 725 quae
542 656 586 703 est
607 643 668 702 sola
691 642 751 701 vita
773 641 926 701 nominan-

82 726 131 785 da.
169 725 244 786 Nam
265 726 338 806 duim
361 728 462 787 sumus
489 726 586 786 iubis
608 725 714 785 inclusi
735 725 925 807 compagibus

79 812 215 890 corporis
249 834 371 872 munere
404 810 534 893 quodam
567 808 773 885 necessitatis,
795 823 825 869 et
845 812 925 890 gravi

80 916 173 976 opere
206 896 420 976 perfungimur.
457 896 510 955 Est
530 895 611 956 enim
644 895 759 955 animus
792 895 925 954 eoelestis

76 998 122 1035 'ex
143 976 285 1040 altissimo
322 979 472 1040 domicilio
492 980 674 1064 depressus,
706 992 737 1038 et
764 978 847 1061 quasi
870 978 923 1037 de-

79 1081 197 1120 mersus
218 1065 249 1122 in
274 1077 405 1141 terram,
439 1064 536 1124 iocum
561 1064 679 1123 divinae
701 1076 851 1139 naturae,
874 1085 924 1122 ae·
992 1106 995 1111 <

78 1145 274 1230 ternitatique
296 1150 503 1223 contrarium
527 1149 544 1207 b
566 1149 617 1206 sed
632 1147 751 1220 credo,
774 1148 844 1206 deos
866 1149 924 1207 ins·

79 1232 221 1292 mortales
241 1232 379 1314 sparsisse
392 1233 505 1294 animos
517 1234 548 1292 in
568 1230 695 1314 corpora
716 1231 869 1313 bumana,
893 1246 927 1292 ut

80 1327 182 1374 essent
215 1317 266 1403 q'ui
290 1331 382 1380 terras
414 1329 594 1391 tuerentur,
617 1315 729 1397 quique
751 1316 926 1376 coelestium
945 1312 949 1335 ³
1021 1396 1024 1409 .

79 1397 216 1461 ordinem
252 1396 495 1486 contempientes'
521 1400 710 1461 imitarentur
742 1420 811 1460 eum
843 1400 926 1457 sitae

78 1481 208 1559 modos„
224 1498 254 1544 et
275 1489 451 1548 constantia.
488 1484 549 1546 Nee
571 1507 619 1547 me
643 1484 740 1544 seium
773 1480 869 1558 ratio,
890 1505 925 1544 ac

79 1562 242 1648 disputatio
264 1571 405 1655 impuli13
435 1584 469 1630 ut
489 1572 531 1630 ita
552 1569 715 1645 crederem3
739 1568 790 1628 sed
813 1567 924 1627 nobili-

79 1661 126 1707 tas
147 1652 237 1712 etiam
260 1667 444 1717 summorum
471 1655 719 1739 philosophorum
741 1667 771 1713 et
792 1654 922 1725 auctori·

79 1744 135 1792 tas.
168 1759 185 1795 e
217 1739 385 1801 Audiebam
422 1740 634 1822 Pithagoram‚
672 1738 922 1819 Pitbagoreasque

78 1817 194 1881 incolas
215 1843 292 1902 pene
315 1831 458 1899 nostros,
481 1838 535 1904 qut
557 1835 655 1889 essent
676 1822 772 1882 Italici
794 1821 923 1904 pbiloso-
993 1844 1008 1891 χ

78 1901 132 1983 phi
164 1907 317 1986 quondam
355 1908 515 1987 nominati,
549 1928 703 1988 nunquam
743 1905 919 1981 dubitasse,

79 1987 154 2066 quin
177 2010 222 2069 en¹
236 1988 375 2050 universa
398 2003 497 2050 mente
518 1991 619 2049 divina
641 1989 787 2049 delibatos
808 1990 922 2055 animos

78 2068 267 2133 haberemus.
286 2075 552 2155 Demostrabantur
563 2073 635 2132 mihi
647 2087 798 2156 praeterea
811 2103 822 2149 ·‚
845 2094 922 2155 quae

66 2151 214 2219 'Socrates
236 2180 374 2239 supremo
389 2161 463 2220 vitae
484 2159 533 2218 die
546 2158 594 2218 'de
613 2158 834 2218 immortalitate
856 2159 921 2217 ani-

78 2259 198 2334 morum
209 2241 392 2304 disseruisset
405 2262 414 2322 ·‚
429 2246 453 2304 is
475 2245 527 2326 qui
550 2255 626 2303 esset
646 2244 780 2304 omnium
803 2242 921 2325 sapien·

80 2324 208 2385 tissimus
229 2331 351 2389 or'acuio
374 2329 534 2413 Apollinis·
557 2327 713 2389 iudicatus.
736 2328 819 2405 Quid
842 2327 920 2386 mui-

66 2407 140 2491 ta?
164 2410 214 2472 Sic
235 2411 307 2475 mihi
329 2416 460 2505 persuasi
475 2461 485 2493 ,
499 2415 541 2477 sic
561 2409 679 2499 sentin,
701 2412 723 2471 d
743 2433 836 2496 quum
859 2423 923 2470 tan·

77 2661 287 2717 affimwm*

10 2785 17 2812 ³
79 2727 95 2776 b
113 2728 204 2799 Quare
224 2730 337 2847 {nimus
355 2730 512 2808 immortalis
530 2733 560 2784 in
578 2746 692 2801 corpora
714 2733 830 2784 humana
847 2734 921 2785 infu-

96 2820 103 2827 ,
147 2813 191 2849 sus
210 2814 253 2847 ει.

79 2879 95 2912 c
112 2855 297 2931 Pythagoras,
326 2872 354 2916 et
377 2863 549 2934 Pythagorici
566 2867 718 2934 philosophi
748 2865 839 2917 Italiae
857 2867 919 2931 par·

146 2937 201 2981 tem
219 2930 410 2998 incoluerunt,
430 2949 500 3000 qnae
513 2949 607 2999 magna
625 2934 740 2988 Graecia
757 2932 904 2991 dicebatur.
936 2928 944 2939 “
974 2982 981 3007 ι

77 2995 100 3049 d
114 2996 276 3051 Animorum
294 2999 483 3058 immortalitas
498 3002 639 3072 probatur.

992 1224 1002 1248 ἱ
