2359 3567
411 163 472 218 'un
494 175 516 217 r.
538 173 602 217 car.
623 173 701 217 mr.
723 165 728 174 ’
772 204 780 211 .
866 197 871 204 .
901 169 942 237 79

313 285 338 322 ⁶
418 320 555 384 carvr
591 319 705 381 xnvr.

176 481 265 571 Quae
276 482 385 569 sirmio
405 483 528 557 virum,
550 469 794 568 praeseminant
815 472 941 559 deceat,

208 585 240 632 et
262 583 412 654 quatenus
431 569 551 651 utrique
572 568 721 631 colenda:
743 569 810 651 quir
831 568 904 630 item
999 595 1001 598 ·

320 666 427 737 gertus
446 655 504 737 qui
520 665 621 714 motus
640 653 778 716 decorus.

169 825 274 903 Quum
296 835 398 887 autern
421 824 657 906 pulchritudinis
679 822 742 884 dno
762 844 872 905 genera
895 823 982 901 sint,

124 931 145 968 a
168 933 299 992 quorum
322 911 352 970 in
376 909 475 969 altero
495 922 636 970 venustas
656 912 717 983 sit,
741 909 771 968 iu
801 907 900 967 nitere
930 908 981 971 di·

121 995 246 1075 gnitas:
270 1007 456 1056 venustatem
479 994 659 1056 muliebrem
682 994 794 1053 ducere
809 992 979 1068 debemus,

121 1079 304 1160 dignitatern
328 1080 455 1140 ririiem.
478 1078 558 1159 Ergo
580 1093 650 1140 eta
686 1079 784 1139 forma
822 1099 980 1137 remoren-

121 1174 174 1222 tur
197 1166 295 1224 omnis
318 1166 381 1223 viro
404 1185 466 1223 non
488 1163 599 1243 dignus
619 1177 766 1224 ornatus:
790 1175 821 1221 et
843 1163 913 1222 huic
935 1164 979 1223 si·

119 1249 195 1308 mile
220 1249 326 1309 vitium
351 1249 381 1307 in
403 1261 512 1328 gestu,
533 1261 680 1331 motuque
711 1260 863 1309 caveatur.
901 1245 979 1307 Nam

47 1387 52 1393 .
120 1345 152 1392 et
175 1333 350 1416 palaestrici
373 1345 471 1392 motus
492 1353 581 1415 saepe
615 1346 686 1393 sunt
721 1332 910 1403 odiosiores‚
947 1341 980 1393 et

117 1416 306 1478 histrionum
327 1413 469 1482 nonnulii
505 1430 605 1498 gestus
642 1418 739 1500 inepti
773 1437 834 1482 non
869 1429 979 1475 vacam

120 1503 316 1573 offensione,
338 1514 368 1561 et
390 1503 421 1561 in
457 1514 586 1583 utroque
625 1524 759 1583 genere,
794 1521 872 1582 qnae
905 1512 976 1560 snut

117 1599 203 1647 reeta
221 1634 231 1663 ‚
256 1599 287 1647 et
302 1586 473 1667 simplicia,
495 1587 673 1648 laudantur.
691 1587 709 1646 b
731 1585 860 1646 Formae
872 1595 975 1645 autern
1071 1613 1078 1620 ·

117 1669 255 1753 dignitas
277 1671 388 1732 coloris
410 1670 547 1731 bonitate
570 1671 683 1734 tuenda
705 1684 767 1731 est:
791 1671 874 1730 color
886 1691 975 1728 eser·

117 1757 322 1817 citationibus
342 1755 488 1838 corporis.
509 1779 526 1816 c
548 1756 732 1818 Adhibenda
770 1768 815 1816 est
852 1765 973 1835 praete-

116 1861 167 1900 rea
192 1841 342 1902 munditia
367 1863 427 1900 non
452 1838 580 1915 odiosa,
604 1864 703 1924 neque
740 1839 891 1922 exquisita
922 1839 973 1896 ni-

115 1927 198 1998 mis3
223 1938 341 1987 tantum
363 1947 441 2007 qnae
464 1924 560 2005 fugiat
595 1939 740 2008 agrestem
765 1937 795 1983 et
828 1923 972 1983 inhuma-

116 2029 190 2069 nam
221 2010 463 2092 negligentiam:
498 2008 605 2070 eadem
640 2011 718 2070 ratio
749 2021 794 2067 est
830 2006 973 2067 habenda

116 2093 312 2168 restitus‚.iu
336 2116 415 2175 quo,
438 2090 519 2152 sieut
539 2093 570 2153 in
594 2093 747 2178 plerisque
769 2092 881 2163 rebus,
905 2112 972 2150 me·

117 2176 265 2238 diocritas
287 2178 403 2260 optima
425 2175 524 2238 estd
551 2176 726 2238 Cavendum
762 2188 807 2235 est
840 2189 972 2251 autem,

118 2279 158 2320 ne
180 2276 234 2323 aut
256 2262 452 2323 tarditatibus
473 2273 597 2322 utamur
619 2263 650 2323 in
683 2283 782 2342 gressu
819 2258 971 2321 moiiiori-

115 2343 196 2419 bns,
219 2359 253 2406 ut
275 2368 292 2405 e
315 2369 494 2429 pomparum
516 2345 640 2407 serentis
675 2347 797 2407 similes>
822 2366 885 2403 esse
922 2344 971 2402 ri-

117 2427 261 2492 deantur:
284 2444 336 2491 aut
358 2431 658 2492 infestinationibus
686 2431 883 2514 suscipiamus
919 2427 971 2491 ni·

117 2616 139 2647 a
156 2596 277 2665 Dignitas
294 2600 429 2666 viror-nm,
446 2607 568 2653 venustas
584 2601 734 2654 mulierum.

119 2665 407 2731 bForma,vesfitus.
500 2719 507 2726 ,

118 2748 137 2780 c
154 2731 295 2785 Mundities
312 2734 399 2785 media
416 2735 484 2786 inter
502 2737 656 2805 elegantiam
675 2737 818 2804 vitiosam,
837 2739 863 2788 et
890 2752 972 2805 agre·

188 2808 249 2852 stem
268 2801 459 2868 negligentiam.

117 2862 146 2915 d
159 2864 274 2919 Incessus
292 2869 448 2919 moderatus.

118 2949 137 2982 e
152 2931 324 3005 Pompam,
344 2937 372 2986 iu
389 2937 488 3004 quibus
504 2956 598 3002 saera,
617 2949 642 2991 et
661 2940 800 2992 simulacra
822 2941 873 2990 ier*
908 2939 969 2990 xiuro

187 3002 289 3053 incessu
306 3004 536 3058 circumferuntur.
556 3009 646 3059 Horat.
664 3025 738 3075 saepe
755 3009 828 3060 velut
844 3009 890 3076 qui
903 3021 969 3054 cnr·

188 3070 260 3120 rebat
275 3070 379 3194 pugiepr
397 3073 515 3145 hostem,
534 3093 659 3147 persaepe
682 3079 754 3132 vetut
782 3076 829 3146 qui
858 3071 969 3129 tenonis

187 3149 260 3193 tanta
289 3154 369 3193 erre.
