2359 3567
213 201 272 261 228
459 222 491 262 rr.
513 223 541 262 r.
564 219 730 261 cremonem

165 281 226 343 iam
247 295 452 364 ante‘qnanta
474 285 549 345 sacta
572 288 609 345 sit
630 284 736 360 labes,
758 284 856 365 princ
876 283 1011 349 Gabinia

166 364 261 447 lege,
283 368 407 429 biennio
429 383 529 430 antem
551 382 643 451 pest,
664 367 774 428 Cassia.
802 367 915 429 Videre
948 372 1011 431 iam

167 450 269 523 videor
290 451 437 533 populum
458 476 475 512 n
498 465 604 513 senatu
638 452 840 526 disiunctum,
873 455 1011 514 multitu-

167 533 310 615 dinisque
326 536 448 599 arbitria
471 559 517 597 res
538 536 680 596 maximas
701 536 757 617 agi.
794 536 898 596 Plures
926 538 1011 596 enim

166 618 290 694 dicent,
313 619 567 701 quemadmodum
586 621 659 679 haec
676 618 770 691 fiant,
794 639 884 698 quam
900 640 1009 699 quem-

166 700 328 762 admodum
350 704 400 763 his
408 704 569 767 resistatur.
585 704 734 780 Quorsum
746 704 840 763 haec?
851 702 930 778 Quia
943 704 1009 763 sine

165 785 252 844 sociis
275 808 361 847 nemo
383 790 545 868 quicquam
568 786 627 846 tale
648 799 784 849 conatur.
816 785 1008 867 Praecipien·
1079 822 1083 825 -

165 867 239 927 dum
261 882 304 930 est
326 873 417 951 igitur
438 871 543 948 honis,
560 883 592 931 ut
613 870 637 928 si
657 869 688 928 in
702 869 849 930 eiusmodi
865 869 1011 929 amicitias

166 950 260 1032 ignari
281 975 350 1014 casu
373 955 474 1036 aliquo
497 954 676 1028 inciderint,
701 975 738 1013 ne
770 953 937 1012 existiment
966 955 1010 1013 ita

166 1056 197 1094 se
219 1034 357 1119 alligatos
373 1066 390 1114 ‚·
403 1051 437 1098 ut
457 1039 496 1111 ab
517 1039 619 1100 amicis
640 1058 743 1117 magna
773 1036 874 1117 aliqua
909 1059 940 1096 re
976 1039 1010 1098 in

167 1139 268 1199 remp.¹
286 1122 476 1203 peccantibus
490 1145 548 1183 non
561 1120 724 1182 discedant.
748 1120 895 1201 improbis
909 1133 1011 1180 autern

166 1225 264 1285 poena
285 1204 442 1265 statuenda
464 1220 533 1283 est,
555 1229 610 1266 nec
631 1207 729 1266 minor
763 1226 837 1263 rere
866 1204 923 1277 iis,
955 1206 1021 1284 qui

163 1287 260 1363 vsecuti
282 1302 370 1349 erunt
386 1292 537 1363 aiterum,
560 1312 650 1371 qnam
674 1294 731 1363 iis,
755 1287 806 1369 qui
828 1287 883 1369 ipsi
899 1288 1012 1365 suerint

167 1370 328 1452 impietatis
349 1371 449 1433 duces.
472 1374 548 1449 Quis
569 1372 678 1433 clarior
705 1372 737 1431 in
771 1371 898 1431 Graecia
930 1372 1011 1431 The-

168 1456 330 1515 mistccie?
353 1456 427 1532 Quis
449 1457 628 1537 potentior?
650 1456 710 1532 Qui
733 1475 830 1536 quum
850 1452 1015 1538 imperator

167 1535 248 1596 betto
272 1538 389 1598 Persico
411 1540 552 1600 servitute
572 1538 729 1599 Graeciam
752 1539 919 1613 liberasset,
943 1561 1012 1620 prn-

166 1633 293 1701 pterque
315 1622 456 1684 invidiam
480 1623 673 1694 inexsilium
705 1620 808 1703 pulsus
841 1636 937 1703 esset,
960 1624 1011 1683 in·
1092 1626 1094 1635 ‘

168 1707 403 1785 gratampatriae
425 1708 564 1769 iniuriam
598 1707 779 1782 contulit,
813 1727 903 1786 quam
936 1706 1039 1766 serre¹

168 1786 283 1871 debuitss
304 1812 324 1848 a
346 1790 430 1850 Fecit
452 1790 532 1853 idem
554 1790 635 1872 qnod
657 1812 696 1850 xx
717 1790 803 1851 annis
824 1803 894 1850 ante
930 1790 1013 1871 apud

168 1893 224 1931 nos
241 1871 552 1939 secerat'Coriclanus.
564 1875 620 1935 His
634 1875 753 1936 adiutor
763 1887 868 1935 contra
884 1877 1014 1956 patriam

169 1955 306 2016 inventus
328 1970 372 2017 est
393 1980 490 2020 nemo.
515 1960 620 2038 ltaque
643 1972 767 2019 mortem
794 1958 853 2018 sibi
884 1970 1014 2036 uterque
1089 2029 1096 2043 Ι

169 2041 320 2113 conscivit.
343 2042 531 2118 Quaretalis
552 2034 758 2123 improficrnrn
775 2041 928 2102 consensio
950 2063 1014 2100 nnn

116 2126 125 2141 ‘
168 2122 258 2182 modo
281 2128 473 2186 excusatione
508 2122 657 2195 amicitiae
695 2123 819 2206 tegenda
841 2146 912 2205 ¹non
945 2137 1014 2200 est,
1049 2158 1052 2164 ·

170 2205 222 2265 sed
245 2207 345 2289 potius
372 2210 452 2289 omni
486 2210 632 2292 supplicio
669 2204 869 2269 vindicanda}
905 2220 938 2267 nt
973 2229 1015 2267 ne

119 2288 121 2291 ¹
170 2290 238 2371 quis
259 2291 316 2351 cibi
338 2315 509 2353 concessum
529 2306 636 2376 putet,
659 2292 789 2353 amicum
822 2291 868 2351 rel
895 2278 1015 2351 fielium

114 2376 118 2385 '
169 2374 284 2455 patriae
306 2375 479 2437 inserentem
501 2377 595 2458 sequi.
617 2375 707 2453 Quod
729 2374 872 2457 quidem,
907 2387 940 2434 ut
965 2396 1016 2434 res

169 2458 267 2539 coepit
289 2458 332 2518 ire
345 2506 354 2533 ,
378 2460 458 2520 haud
480 2460 540 2519 scio
554 2506 564 2536 ,
591 2483 630 2518 an
642 2459 805 2541 aliqnando
817 2454 949 2519 futurum
963 2459 1014 2519 sit.

170 2540 244 2602 Mihi
267 2553 366 2603 autem
389 2565 448 2603 non
471 2544 578 2603 minori
601 2557 692 2603 curae
713 2556 779 2617 est,
802 2541 902 2623 qualis
933 2563 1012 2622 resp,

168 2638 237 2706 post
272 2625 398 2690 mortem
435 2649 532 2687 meam
566 2625 668 2687 sutura
700 2625 760 2701 sit,
793 2648 884 2707 quam
915 2626 1014 2705 qualis

171 2707 261 2767 hodie
283 2711 331 2768 sit.
408 2730 422 2738 “
846 2722 848 2725 ’

212 2791 293 2852 Haec
317 2792 409 2874 igitur
429 2793 524 2875 prima
546 2793 595 2854 lex
615 2791 765 2875 amicitiae
787 2789 956 2865 sanciatur,
978 2802 1015 2850 nt

170 2876 210 2936 ab
232 2876 338 2937 amicis
365 2878 491 2938 honesta
508 2890 680 2959 petamus,
717 2875 880 2935 amicorum
911 2894 1015 2934 caussa

170 2960 292 3019 honesta
315 2959 479 3029 faciamus;
503 2982 557 3020 nec
573 2972 775 3041 exspectemus
788 2957 924 3040 quidem,
940 2955 1015 3043 dnm

172 3092 190 3126 a
206 3072 383 3142 Coriolannc,
393 3083 421 3128 et
430 3074 623 3155 Themistoclen
634 3074 686 3130 tibi
696 3080 807 3133 mortem
820 3072 1014 3135 comitatui·
