2359 3567
268 133 308 199 y·
341 77 358 122 ⁸
462 127 496 168 u.
517 115 548 165 rt
567 122 662 164 uera.
682 122 720 165 aa
741 113 833 167 orric.

226 193 459 279 discrepantiam
492 185 633 249 conferre
667 186 822 250 debemus.
861 184 965 268 Atque
1000 187 1076 252 baec

227 279 400 344 differentia
436 285 613 336 naturarum
648 282 759 333 tautam
796 269 887 332 babet
921 271 1005 347 vim,
1043 284 1077 333 ut
1157 301 1161 310 ·

226 382 445 445 nonnunquam
467 367 595 418 mortem
616 353 673 415 sibi
697 356 763 439 ipse
782 353 969 416 consciscere
997 355 1077 416 alius

228 446 366 521 debeat,
387 444 467 505 alius
489 441 521 500 in
540 437 650 498 eadem
672 461 761 500 causa
782 463 843 501 non
865 437 985 499 debeat.
998 437 1078 499 Num

222 529 311 590 enim
325 530 386 590 alia
407 528 440 588 in
462 545 565 585 caussa
586 543 606 580 a
627 520 670 582 Ill.
691 520 766 583 Cato
788 523 872 597 suit,
894 522 954 582 alia
970 523 1078 597 ceteri,

229 613 283 695 qui
306 635 342 680 se,
357 614 392 673 in
426 608 532 671 Africa
567 603 689 672 Caesari
723 603 943 679 tradiderunt?
981 606 1080 687 Atqui

228 697 341 757 ceteris
363 695 491 756 forsitan
513 690 589 751 vitio
610 688 714 749 clatum
734 702 837 766 esset,
860 691 885 750 si
906 710 938 747 se
961 688 1079 748 intere-

228 778 380 855 missent,
403 788 564 862 propterea
586 772 668 855 quod
691 794 797 854 eorum
818 774 879 833 rita
899 773 1027 848 lenior,
1049 785 1083 833 et

229 885 330 924 mores
351 862 474 923 fuerant
497 857 670 919 faciliores:
693 855 801 918 Catoni
834 870 961 932 autem,
997 855 1082 938 quocl
1154 901 1158 912 .

231 946 444 1007 incredibilem
468 942 623 1004 tribuisset
644 953 753 1002 natura
774 942 973 1021 gravitatem,
994 961 1080 1000 eam·

230 1051 291 1112 que
314 1031 377 1111 ipse
399 1038 546 1111 perpetua
568 1024 737 1086 constantia
758 1024 982 1098 roboravisset,
1006 1046 1083 1086 sem.

228 1133 347 1197 perque
366 1114 402 1173 in
423 1109 606 1194 proposito,
628 1120 828 1190 susceptoque
848 1106 976 1169 consilio
1008 1131 1082 1190 per·

134 1264 138 1283 ἢ
227 1198 405 1271 mansisset,
439 1189 636 1254 moriundum
673 1193 800 1274 potius,
835 1213 927 1275 qnam
960 1194 1084 1270 tyranni
1172 1211 1173 1258 3

230 1282 331 1341 vultus
362 1275 582 1361 adspiciendus
617 1275 686 1336 luit.
713 1277 815 1351 Quam
851 1275 946 1335 multa
977 1297 1085 1356 passus

231 1376 278 1424 est
299 1364 418 1445 Ulysses
440 1362 473 1421 in
496 1360 549 1421 illo
582 1381 686 1420 errore
721 1359 886 1435 diuturno,
923 1379 1019 1439 quum
1052 1373 1086 1419 et

232 1448 413 1509 »mulieribus
436 1446 486 1517 (si
509 1444 527 1502 b
547 1439 635 1502 Circe
657 1455 688 1501 et
708 1441 835 1526 Calypso
857 1442 1000 1502 mulieres
1030 1464 1086 1526 ap·

233 1531 394 1614 pellendae
415 1530 511 1600 sunt)
536 1526 719 1601 inserviret,
742 1539 773 1586 et
794 1529 825 1587 in
843 1526 925 1586 omui
942 1548 1089 1588 sermone

229 1614 374 1673 omnibus
393 1610 575 1684 affabilem,
597 1621 628 1669 et
650 1609 813 1670 iucundum
835 1633 866 1670 se
888 1608 950 1669 esse
973 1605 1085 1671 vellet?

236 1695 328 1757 Domi
351 1718 422 1756 vero
444 1692 534 1753 etiam
556 1693 753 1754 contumelias
774 1689 952 1768 serrorum,
987 1695 1089 1755 ancil-

232 1779 391 1860 larumque
411 1774 561 1861 pertulit,
593 1789 628 1836 ut
652 1775 692 1836 acl
727 1778 758 1838 id
779 1776 968 1859 aliquando,
1000 1780 1119 1859 quodr
1174 1775 1175 1804 ³

230 1863 399 1947 cupiebat,
421 1859 604 1945 perveniret.
626 1859 668 1921 At
688 1860 793 1936 Aiax,
813 1884 877 1943 quo
898 1860 1000 1922 animo
1024 1873 1090 1922 tra-

234 1947 336 2024 ditur,
358 1947 466 2006 millies
487 1955 630 2026 oppetere
653 1955 798 2020 mortem,
820 1967 911 2026 quam
931 1944 986 2005 illa
1010 1966 1089 2027 per-

234 2033 298 2114 peti
344 2030 505 2090 maluisset.
541 2027 627 2102 Quae
672 2030 910 2110 contemplantes
954 2049 1078 2110 expen-

236 2114 309 2175 clere
331 2113 508 2196 oportebit,
530 2109 605 2192 quid
628 2112 756 2193 quisque
778 2112 889 2172 babeat
925 2111 997 2187 sul,
1035 2131 1096 2175 ca*v

235 2222 297 2281 que
327 2196 504 2271 moderari,
537 2215 595 2253 nec
626 2194 703 2255 velle
740 2196 893 2278 experiri,
929 2216 1021 2279 quam
1056 2221 1097 2260 se

235 2283 336 2343 aliena
358 2282 511 2354 deceant3
535 2277 566 2336 id
586 2278 670 2338 enim
691 2280 822 2340 maxime
843 2299 996 2362 quemque
1031 2282 1102 2343 de«.

237 2380 309 2441 cet,
332 2364 414 2447 quod
432 2375 481 2424 est
511 2361 661 2442 cuiusque
692 2385 780 2424 suum
811 2365 952 2425 maxime.
986 2363 1093 2439 Suum

237 2452 331 2533 igitur
354 2450 482 2532 quisquc
498 2457 607 2510 noscat
640 2447 817 2527 ingenium,
854 2470 1015 2531 acremque
1056 2475 1095 2513 se

239 2549 270 2596 et
291 2536 440 2596 meorum
462 2531 657 2610 et·vitiorum
679 2553 802 2592 suorum
831 2532 963 2593 iudicem
992 2556 1092 2615 prae-

238 2619 330 2681 beat:
353 2641 408 2680 nec
430 2641 454 2678 c⁸
469 2614 578 2678 scenici
602 2615 695 2695 plus,
717 2638 807 2697 quam
822 2639 900 2692 nos,
924 2617 1099 2682 videantur.

239 2702 352 2768 babere
373 2700 580 2786 prudentiam
601 2698 648 2757 illi
669 2699 752 2764 enim
773 2723 834 2761 non
856 2702 1008 2785 optimas,
1032 2707 1105 2767 sed,

239 2888 256 2921 a
274 2868 339 2921 Cato
356 2867 450 2921 Vticae
466 2871 579 2916 mortem
596 2862 648 2915 arbi
664 2868 798 2930 conscivit.

238 2936 255 2988 b
272 2936 372 3001 Circe,
390 2935 461 2987 Solis
479 2932 554 2995 filia,
574 2928 687 3000 Calypso
706 2937 830 3003 nympha,
842 2953 953 3005 quarum
969 2935 1097 3005 bospitio

305 3002 414 3072 Ulysscs
431 2998 583 3068 aliquandiu
603 3015 664 3073 usus
681 3009 738 3069 est,
757 3012 787 3054 ut
801 2999 897 3069 procul
913 3003 1014 3063 Uxoris
1023 3023 1098 3074 pat·

246 3143 254 3154 ἴ
304 3068 387 3132 duct.
403 3085 419 3140 c
436 3063 564 3139 scenici,
583 3061 723 3123 butrioncs
740 3087 754 3125 e
772 3088 858 3127 meua.
960 3101 975 3130 .·

660 3359 703 3384 Λ

701 3399 706 3416 r
