2359 3567
247 208 307 303 apd
454 237 485 280 n.
507 236 535 279 r.
557 236 583 278 c.
607 237 679 280 ciro
700 237 794 279 airon

203 315 333 377 matare,
355 312 387 361 et
409 301 535 361 vicissim
557 316 610 362 aut
631 301 696 375 sol,
717 300 866 383 actiguis
887 302 1041 365 bibemus.

204 387 292 465 Quae
313 388 436 467 quidem
459 389 489 445 iu
511 386 629 447 Sabinis
640 388 740 447 etiam
758 388 904 469 persequi
938 390 1043 464 soleo,
1106 461 1109 465 ¹

203 472 434 551 conviviumque
453 471 618 530 vicinorum
632 471 776 552 quotidie
792 472 946 553 comple03
961 471 1044 553 quod

112 625 115 630 p
202 553 240 614 ad
263 557 387 614 multam
410 567 554 628 noctem,
576 576 666 635 quam
704 554 833 616 maxime
859 577 1041 638 possumus,
1077 633 1079 637 Ι

203 643 284 698 rario
306 661 440 699 sermone
462 637 665 718 producimus.
689 641 730 700 At
751 652 881 705 nonest
904 639 1041 720 volupta·
1131 712 1136 723 ι

204 733 267 785 ium
289 735 370 784 touta
395 723 478 804 quasi
502 721 635 782 titillatio
657 724 688 782 in
711 723 842 783 senibus.
865 722 975 783 Credo:
991 722 1053 806 sed¹

201 827 239 865 nc
261 805 441 887 desideratio
463 805 606 885 quidem.
620 806 700 866 Nibil
722 819 822 867 autem
856 810 1041 882 molestum,

202 888 282 970 quod
307 894 367 949 nou
389 889 549 950 desideres.
571 912 590 949 o
613 891 696 952 Bene
718 884 912 971 Sophocles,
947 911 1041 971 quum

201 993 239 1031 ex
274 994 310 1031 eo
343 973 464 1053 quidem
500 973 558 1033 iam
587 977 696 1034 allecto
731 987 828 1033 aetate
857 987 1040 1056 quaereret,

200 1069 334 1115 uteretur
358 1078 396 1116 ne
417 1058 507 1116 rebus
529 1058 684 1132 venereis3
708 1059 751 1118 dii
773 1059 909 1133 meliora,
931 1058 1040 1137 iuquit:

200 1138 329 1199 libenter
349 1163 420 1200 nero
442 1141 567 1213 isthinc,
593 1150 733 1224 tanquam
755 1163 773 1201 a
795 1141 917 1202 domino
933 1140 1041 1221 agresti

199 1244 233 1282 ac
258 1224 518 1306 furioso'prolugi.
541 1223 666 1307 (lupidis
688 1226 768 1286 enim
798 1229 899 1286 rerum
935 1225 1040 1285 talium

198 1307 360 1384 odiosum,
383 1323 414 1368 et
436 1312 594 1369 molestum
617 1322 661 1368 est
689 1310 813 1370 sortasse
834 1331 961 1383 carere3
992 1330 1039 1368 sa·

199 1391 279 1452 tiatis
302 1415 372 1452 vero
393 1406 424 1452 et
444 1392 572 1474 expletis
595 1391 756 1454 iucundius
778 1409 1038 1473 estcarcrrquam

199 1476 268 1537 frui.
291 1476 472 1558 Quanquam
496 1498 554 1536 uon
577 1489 662 1536 caret
693 1479 743 1549 is,
766 1478 818 1557 qui
842 1499 903 1536 non
924 1475 1040 1535 deside·

198 1572 255 1620 rat.
277 1559 339 1640 Ego
362 1563 417 1621 boc
441 1583 499 1641 non
522 1560 694 1621 desiderare
716 1560 784 1621 dico
794 1583 856 1620 esse
869 1559 1038 1621 iucundius.

198 1642 286 1719 Quod
309 1644 331 1702 si
353 1646 417 1704 istis
438 1644 508 1727 ipsis
530 1645 733 1726 voluptatibus
757 1646 833 1703 bona
855 1658 937 1704 actas
960 1642 1037 1702 l'rui·

199 1739 247 1788 tur
271 1724 425 1798 libentius,
448 1729 577 1810 primum
601 1730 732 1809 parvulis
755 1728 865 1789 fruitur
885 1727 989 1796 rebus.
1006 1738 1039 1787 ut

198 1810 351 1871 diximus:
375 1812 486 1872 deinde
507 1813 544 1871 iis
559 1819 573 1887 ‚⁸
592 1813 701 1893 quibus
727 1826 885 1882 senectus,
919 1813 942 1870 si
978 1832 1038 1870 non

121 1892 123 1896 ’
197 1895 318 1956 abunde
341 1897 462 1979 potitor,
478 1918 538 1959 non
554 1899 679 1956 omnino
701 1910 793 1956 rarat.
816 1895 858 1956 Vt
878 1893 1037 1975 Turpione

197 1979 339 2042 Ambivio
362 1981 453 2063 magis
475 1980 661 2053 delectatur,
684 1981 738 2060 qui
760 1980 821 2053 bin
836 1979 1036 2060 prima'carea

181 2076 327 2145 spectat,
351 2067 517 2125 delectatur
541 2080 641 2124 tamen
664 2065 767 2136 etiam,
789 2064 842 2145 qni
864 2063 1034 2143 inultima:

197 2150 238 2210 sic
260 2148 650 2220 adolescentia‚roluptates
672 2169 764 2229 prope
787 2147 908 2208 intuens
943 2146 1060 2228 magis

196 2234 321 2296 sortasse
344 2234 481 2305 lactatur,
506 2231 556 2293 scd
579 2231 749 2312 delectatur
771 2230 862 2290 etiam
885 2241 1034 2305 senectus,

195 2318 302 2405 procul
325 2328 529 2397 casspectaos
560 2327 699 2388 tantum,
734 2327 879 2397 quantum
913 2326 959 2374 sat
981 2324 1034 2376 cst.

195 2406 239 2466 At
262 2401 313 2460 illa
336 2399 444 2480 quanti
467 2412 552 2468 sunt,
574 2400 706 2460 animum
731 2412 890 2479 tanquam,
905 2420 928 2460 .c
951 2419 1032 2459 eme·

195 2490 260 2548 ritis
282 2484 447 2562 stipendiis.
462 2484 604 2558 libidinis,
626 2482 805 2555 ambitionis,
821 2482 1033 2557 contentionis,

195 2570 433 2645 inimicitiarum,
445 2568 643 2653 cupiditatum
656 2566 802 2642 omnium,
814 2587 915 2628 secum
929 2564 1036 2648 esse,d

194 2897 212 2933 a
229 2874 347 2930 Pulchra
364 2872 505 2941 Sophoclis
523 2873 669 2945 responsio.

194 2949 209 3000 b
227 2947 315 2998 Cavea
336 2940 516 3032 leapnrnprot

193 3040 208 3072 c
227 3018 344 3071 Emerita
363 3021 505 3088 stipendis.

194 3085 215 3140 d
228 3085 416 3144 Proverbiuos.
