2359 3567
238 125 274 186 ιδ
323 187 329 198 Χ
403 143 435 183 n.
457 142 484 185 τ.
508 136 602 184 ercan.
625 145 663 186 nr
683 146 779 189 ome.

194 229 257 284 res,
286 203 457 290 parandas,
490 206 704 291 tuendasque,¹
726 209 836 292 quibas
856 207 935 272 actio
956 212 1040 274 ritae

192 294 387 353 continetur:
411 302 492 351 utet
508 291 631 353 societas
644 292 799 355 bominum
816 340 826 371 ,
847 294 1043 375 coniunctio·

116 407 129 426 ι
192 397 255 459 que
266 385 420 436 servetur:
435 386 465 433 et
480 375 573 436 animi
590 377 767 439 excellentia
780 425 788 453 ,
803 371 1043 461 magnitudoque

192 481 261 520 aum
295 459 334 524 in·
349 456 491 540 augendis
512 459 641 541 opibus,
664 461 903 543 utilitatibusque
926 475 956 522 et
978 462 1040 522 sibi

57 563 63 570 ·
165 555 222 604 vct
255 544 316 605 suis
337 543 571 626 comparandis„
609 557 673 622 turn
694 545 791 610 multo
821 546 966 628 magistu
989 547 1039 607 his

191 626 264 710 ipsis
286 626 485 712 despiciendis
508 627 638 689 eluceat.
660 629 743 689 Ordo
765 641 890 705 autem,
913 644 944 691 et
965 652 1043 690 con-

189 711 323 788 stantia,
342 723 373 771 et
396 709 585 787 moderatio,
601 726 631 773 et
652 736 712 789 ea,
735 735 813 798 qnae
835 726 909 774 aunt
926 713 1040 785 hissi-

189 795 296 873 milia,
319 808 476 856 versantur
504 795 536 855 in
558 817 594 856 eo
613 804 745 879 genere,
778 798 817 859 ad
840 797 927 879 quod
943 797 1054 857 adiri·-

124 936 127 940 ,
188 876 291 942 henda
326 892 371 942 est
392 877 471 941 actio
503 880 672 961 quaedam,
704 899 764 941 non
800 882 900 955 solum,
924 880 1039 942 mentis

188 965 323 1044 agitatio.
359 962 414 1024 His
448 963 528 1023 enim
551 964 675 1040 rebus,
702 987 781 1045 quae
814 977 980 1026 tractantur
999 964 1039 1026 ira

190 1048 250 1109 rita
266 1094 275 1125 ,
297 1048 421 1110 modum
434 1048 596 1129 quemdam
609 1048 803 1121 adhibentes,
826 1063 857 1109 et
876 1048 1010 1110 ordinem
1023 1094 1038 1125 ,

182 1129 401 1209 honestatem,
422 1146 455 1192 ct
476 1131 568 1193 decus
589 1132 839 1193 conservabimus.

495 1277 636 1344 CAPVT
659 1283 733 1344 vn

227 1384 276 1445 De
293 1384 453 1468 prudentia
473 1383 620 1444 virtutum
641 1386 776 1445 omnium
794 1384 954 1468 principe,
975 1397 1007 1446 et

269 1471 345 1553 quid
354 1471 394 1529 ‘in
405 1466 647 1549 *cafirgiendum
660 1514 670 1542 ‚
692 1469 767 1553 quid
786 1468 978 1553 sequendum.

78 1558 80 1564 ¹
148 1632 151 1636 ,
228 1567 278 1629 Ex
299 1583 430 1652 quatuor
444 1581 545 1630 autem
567 1568 662 1643 locis,
692 1567 723 1627 in
746 1591 821 1650 quos
843 1571 959 1631 honesti
982 1591 1040 1631 na-

171 1651 642 1734 aturam,vimquedivisimnm
677 1653 789 1735 primus
817 1653 893 1728 iiie,
925 1653 1039 1735 quiin

191 1738 255 1796 seri
277 1736 447 1817 cognitione
458 1736 609 1814 consistit,
631 1737 762 1798 maxime
784 1750 920 1797 naturam
942 1735 1039 1797 attin-

21 1814 23 1820 ’
108 1875 110 1881 2
190 1820 234 1900 git
255 1820 425 1882 humanam.
464 1821 577 1894 Omnes
603 1822 684 1880 enim
721 1822 868 1897 trahimur
892 1832 923 1878 ct
944 1818 1037 1879 duci-

190 1923 259 1962 mur
289 1904 327 1963 ad
350 1903 549 1984 cognitionis,
582 1917 614 1963 et
636 1903 777 1979 scientiae
811 1903 1033 1986 cupiditatcma

189 1984 222 2045 in
245 2008 305 2068 qua
326 1988 476 2048 excellere
498 1988 636 2067 pulcrum
659 2000 822 2069 putamus:
847 1987 909 2063 labi
922 1999 1037 2049 autem

90 2075 93 2078 ’
164 2067 304 2146 ‘errare,
327 2074 459 2148 nescire,
483 2070 580 2153 decipi
611 2084 640 2131 ct
661 2071 793 2147 malum,
816 2072 845 2130 el
868 2083 954 2151 turpe
976 2069 1038 2130 du·

189 2153 293 2214 cimus.
330 2156 365 2215 in
387 2157 445 2216 boc
477 2177 583 2236 genere
613 2169 643 2216 et
664 2156 818 2234 naturali,
852 2167 882 2213 et
905 2155 1037 2213 honesto

189 2236 251 2298 duo
280 2238 352 2306 vitia
386 2241 506 2300 vitanda
537 2252 626 2300 sunt:
663 2261 779 2314 unum,
810 2261 849 2298 ne
873 2237 1036 2317 incognita

188 2344 246 2408 pro
268 2324 390 2403 cognitis
413 2318 596 2399 habeamus,
619 2322 725 2402 hisque
754 2333 864 2382 temere
885 2322 1035 2380 assentia-

95 2457 98 2468 .
192 2427 280 2481 mus3
306 2407 396 2487 'qnod
434 2409 541 2469 vitium
561 2408 693 2487 effugere
716 2407 768 2487 qui
791 2406 871 2483 volet
904 2411 1039 2482 (ornnes
1082 2451 1085 2456 .

189 2503 290 2551 antem
318 2491 401 2551 ,relic
423 2492 558 2564 debenti
588 2489 745 2551 adhibebit
777 2490 814 2550 ad
838 2488 1036 2572 consideran-

191 2573 250 2634 das
268 2596 313 2636 res
327 2587 367 2634 et
391 2589 526 2659 tempus,
554 2587 586 2634 et
607 2575 964 2656 diligentiamsslterum
986 2585 1037 2635 est

191 2659 321 2733 titium,
359 2659 441 2740 quod
469 2659 591 2741 quid-«m
627 2659 715 2719 nimis
737 2679 876 2737 magnum
899 2653 1037 2719 studinrir

191 2742 378 2823 multamque
394 2745 521 2824 operam
544 2743 574 2801 in
598 2764 642 2801 res
664 2742 819 2814 obscuras,
842 2755 932 2820 atque
953 2739 1039 2798 diffi-

188 2828 264 2889 ciles
299 2829 485 2903 conserunt,¹
519 2825 793 2907 easdemque'non
827 2824 1036 2886 necessariasa

190 2910 302 2994 quibus
324 2913 402 2971 vitirs
413 2911 593 2986 declinatis,
616 2910 695 2993 quod
717 2910 747 2967 in
773 2909 859 2969 rebus
881 2908 1036 2985 honestis,
1087 2935 1091 2938 ·

190 3007 220 3059 ct
241 2995 407 3080 cognitione
423 2996 520 3081 dignis,
535 3016 689 3080 ,.operae,
711 3014 859 3078 curaeqne
880 3002 1038 3078 ponetur,
1064 3067 1069 3074 .
