2359 3567
241 120 302 162 ste
492 117 523 159 rr.
545 117 573 157 r.
593 114 749 158 intensurus

200 177 235 245 C.
257 180 354 245 Laelii
386 199 511 265 persona
547 181 608 241 risa
640 193 685 240 est
713 180 821 240 idonee
842 180 940 258 mint,
964 186 1046 264 qnae*

128 314 133 323 ,
198 267 239 329 de
261 265 402 333 Amicitia
442 285 478 329 cn
500 265 564 347 ipsa
586 263 765 340 dissereret,
792 286 870 346 quae
891 264 1050 348 disputata·

199 351 239 413 ab
260 374 297 411 co
318 348 499 417 meminisset
519 348 672 411 Scaevola.
693 371 713 408 a
735 348 840 409 Genus
860 352 1045 412 autemhoe·

139 453 142 461 '
200 457 371 498 sermonum
392 431 523 519 positum
545 435 576 492 in
598 433 754 494 homiuum
777 444 909 494 veterum
936 447 1045 495 aucte-

199 520 310 595 ritate,
344 532 502 580 eteorum
534 516 718 594 illustrium,
752 518 820 600 ptus
853 518 951 580 nesciu
980 541 1042 600 quo

222 617 313 687 acte,
330 601 449 683 videtur
465 602 578 663 hebere
594 602 753 683 paritatis.
773 602 878 679 ltaque
892 603 955 686 ipse
976 625 1044 663 men

200 627 300 773 ignes
333 688 374 748 sic
395 687 508 747 afficior
537 685 708 762 interdum,
732 697 765 746 ut
787 683 959 762 Catonem,
981 709 1042 747 uon

200 794 249 834 me
272 772 355 854 loqui
388 770 562 833 existimem.
588 770 649 831 Sed
670 784 703 832 ut
726 782 789 830 tum
812 768 849 829 ad
872 790 972 831 scnern
994 792 1041 830 se·

107 911 109 915 .
201 878 260 918 nex
274 854 313 916 de
328 866 503 939 senectute,
527 854 569 915 sie
591 855 648 915 hoc
661 853 738 915 libro
760 854 799 914 ad
820 854 948 932 amicum
970 855 1044 914 ami-

122 2504 124 2508 ,
209 2457 372 2518 multarum
393 2478 493 2520 rerum
527 2477 614 2517 usum
635 2459 673 2520 he

200 941 332 1003 sissimus
353 939 391 1000 de
413 937 553 1005 Amicitia
582 939 709 1021 scripsit.
732 938 818 1000 Turn
835 938 974 999 est'Cato
995 939 1042 998 to·

200 1036 310 1100 cutus,
344 1046 405 1107 quo
425 1035 491 1084 crat
525 1045 613 1083 nemo
646 1022 706 1084 sere
728 1025 827 1084 senior
857 1021 1055 1106 temporibus

200 1107 286 1184 iilis,
308 1113 396 1169 nimo
409 1107 608 1191 prudentior:
630 1131 710 1169 nunc
732 1106 853 1168 Laelius
875 1119 906 1168 et
927 1106 1044 1189 sapiens

202 1192 267 1270 (sic
287 1193 367 1253 enim
385 1205 432 1253 est
449 1190 596 1268 habitus)
617 1204 649 1252 et
662 1190 809 1254 amicitiae
831 1191 924 1274 gloria
945 1190 1045 1250 excel·

201 1274 266 1338 lens
287 1276 477 1338 deamicitia
509 1274 653 1357 loquitur.
677 1276 727 1336 Tu
750 1277 839 1336 velim
862 1298 879 1337 a
907 1295 955 1335 mc
977 1274 1043 1334 ani·

201 1383 285 1424 mum
289 1383 465 1445 parumper
498 1372 638 1435 evertas,
668 1360 810 1423 Laelium
841 1359 925 1444 ioqui
947 1359 1045 1441 ipsum

202 1458 298 1530 putes.
328 1445 366 1508 C.
387 1445 543 1523 Fannius,
575 1457 607 1504 et
628 1444 670 1522 Q
693 1445 808 1507 Mucius
839 1443 878 1505 ad
911 1465 1047 1504 socerum

199 1531 327 1591 veniunt
335 1543 406 1613 pest
420 1543 544 1591 mortem
561 1528 714 1590 Africani:
737 1530 777 1589 ab
800 1529 845 1590 tis
867 1551 962 1590 sermo
981 1529 1045 1601 eri·

203 1626 273 1677 tur:
294 1615 454 1697 respondet
466 1613 608 1690 Laelius,
630 1613 714 1679 cuius
737 1626 798 1674 tote
819 1613 980 1696 disputatio
1002 1625 1047 1673 est

203 1698 240 1758 de
250 1698 390 1773 amicitia3
408 1704 498 1782 quain
511 1698 612 1779 legens
623 1710 687 1758 tute
698 1698 760 1781 ipae
771 1720 937 1780 cognusces.
950 1696 1050 1758 FAN·‘

202 1780 465 1861 ttlvs.suntisu‚
474 1781 569 1844 Laeli:
578 1804 634 1842 nec
648 1782 726 1843 euim
740 1782 845 1843 melier
852 1784 896 1843 vir
903 1782 961 1843 iuit
970 1779 1049 1842 Afri·

205 1889 279 1929 cano
301 1868 527 1950 quisquamuec
544 1866 671 1928 clarior:
693 1866 745 1928 scd
768 1866 934 1929 existimare
956 1864 1048 1925 debes

205 1952 338 2013 emnium
375 1951 477 2013 oculos
503 1951 535 2012 in
571 1964 600 2012 te
620 1973 684 2011 esse
705 1953 879 2027 coniectus,
902 1971 996 2010 unum
1019 1963 1048 2010 te

205 2037 370 2119 sapientem
391 2049 422 2098 et
441 2034 596 2119 appellant
617 2048 648 2095 et
674 2035 851 2097 existiment.
873 2033 1047 2096 Tribueba-

174 2144 178 2149 ’
207 2131 257 2180 tur
291 2120 352 2192 hoc·
377 2118 466 2195 modu
499 2118 540 2182 M.
563 2117 690 2179 Catoni:
725 2121 832 2181 scimus
860 2117 897 2180 L.
920 2117 1049 2179 nntium

201 2201 288 2287 apud
311 2208 410 2286 patres
431 2214 545 2264 nostros
566 2203 751 2286 appellatum
775 2226 837 2264 esse
860 2203 1048 2285 sapientem:

208 2286 260 2348 sed
284 2301 409 2371 uterque
443 2287 504 2349 alio
525 2288 657 2370 quodam
690 2288 801 2349 modo:
823 2286 955 2363 Atilius,
978 2284 1050 2369 quin

201 2371 339 2456 prudeus
360 2395 423 2435 esse
445 2373 551 2433 iniure
572 2372 653 2433 civili
674 2373 859 2517 putabatur,
881 2370 955 2431 Cato
978 2372 1050 2454 quia

697 2457 784 2534 ebat,
808 2457 963 2537 multaque
985 2456 1051 2516 eiu‘s

132 2561 138 2623 ᾗ
210 2542 294 2602 etin
316 2556 442 2617 senatu,
465 2541 547 2601 etin
570 2539 635 2601 toro
657 2542 706 2603 vei
727 2542 843 2624 provisa
864 2538 1048 2624 prudenter,

160 2706 167 2716 N
211 2623 259 2687 rui
279 2639 345 2688 acta
365 2638 550 2701 constanter,
573 2625 620 2685 vel
642 2647 780 2709 responsa
802 2638 887 2685 acute
909 2624 1046 2700 screbaue
1134 2676 1139 2681 ,

66 2918 82 2927 ν
146 2945 148 2950 ,
209 2908 227 2944 a
245 2890 310 2945 Plus
342 2888 424 2940 habet
439 2889 575 2957 gravitatis
601 2896 689 2943 serint)
706 2891 809 2958 positus
836 2891 867 2944 in
889 2890 1049 2945 auctoritate

277 2963 396 3018 veterum
413 2965 442 3010 et
455 2958 604 3016 illustrium
619 2959 748 3019 rirornrn
820 2990 823 2995 ·
880 3003 882 3007 .
