2359 3567
468 116 623 182 rmnoxn
869 122 929 206 inq

122 217 185 267 est»
210 205 306 287 arqui
336 223 426 287 pares
446 224 512 265 esse
548 202 693 280 virtuter,
726 224 783 267 me
802 202 886 266 bono
907 206 977 269 siro

121 286 314 365 meliorem,
336 309 393 351 nec
415 298 609 373 temperante
631 287 896 372 temperatiorem,
918 314 973 354 uec

121 370 205 434 lorti
240 366 431 447 fortiorem,
470 394 525 434 nec
558 370 698 456 sapiente
727 372 972 456 sapientiorem,

119 477 218 603 ἔδει
240 440 324 532 lieri,
345 448 498 518 facillime
513 468 613 540 potest
641 454 782 600 perspici.
804 460 855 519 Αι
877 456 975 522 rirnm

167 562 245 603 num
266 539 371 618 dices,
392 538 445 623 qui
466 539 637 626 depositum
652 540 706 602 nnl
719 564 737 601 o
760 554 856 619 teste,
879 566 974 628 quum

120 623 243 687 lucrari
264 625 388 727 impune
424 636 543 710 posset,
564 622 633 687 anri
655 623 756 709 pondo
776 625 880 689 decern
902 626 974 689 red·

120 708 266 787 diderit,
289 731 314 770 s1
336 709 418 772 idem
452 706 611 772 indecem
632 708 768 772 millibus
787 710 888 794 pondo
911 735 973 777 non

122 788 212 856 idem
249 792 386 855 lecerit?
423 794 484 855 Aut
507 806 720 877 temperantem
742 817 838 871 eum,
865 795 918 879 qui
941 819 975 859 se

98 875 159 937 'in
183 878 290 962 aliqna
324 876 454 938 libidine
487 878 694 953 continuerit,
716 878 747 939 iu
770 877 874 962 alique
895 878 972 942 elin·

123 958 240 1023 derit?
262 985 283 1022 a
304 961 374 1023 Una
410 960 502 1023 virtus
522 973 594 1039 est,
615 964 806 1024 consentiens
834 985 900 1025 cnm
923 987 973 1025 ra·

121 1044 232 1125 tione,
262 1058 294 1107 et
314 1058 460 1129 perpetua
492 1047 670 1110 constantia.
700 1047 786 1110 Nihil
807 1048 878 1110 hnic
900 1047 973 1111 addi

123 1141 254 1212 potest,
289 1152 350 1213 quo
371 1130 464 1213 magis
496 1130 588 1192 virtus
610 1132 676 1207 sit,
709 1132 787 1192 uiuit
808 1131 916 1209 demi,
938 1146 973 1196 ut

127 1212 255 1276 virtutis
282 1224 393 1275 nomeu
429 1215 631 1299 relinquatur.
661 1216 679 1276 i
700 1215 821 1276 Etenim
847 1216 976 1280 sibene

111 1295 225 1375 lama,
256 1311 338 1359 recte
374 1296 564 1376 factasunt,
597 1311 628 1359 et
650 1298 728 1361 nihil
752 1312 836 1361 recto
865 1301 974 1363 rectius

125 1395 213 1457 certe
235 1405 290 1444 nec
311 1382 392 1444 bono
414 1382 538 1465 quidem
568 1381 678 1444 melius
698 1382 864 1466 quidquam
886 1383 973 1447 inre·

107 1465 191 1540 uiri
213 1479 323 1552 posest.
346 1466 491 1549 Sequitur
511 1465 628 1549 igitur,
650 1481 686 1529 ut
706 1466 797 1528 etiam
820 1467 890 1529 riti-a
914 1468 975 1532 sint
1023 1514 1024 1523 a

145 1550 240 1630 'arian
270 1548 417 1634 siquidem
446 1551 624 1635 pravitates,
659 1551 755 1613 animi
789 1563 871 1613 recte
900 1552 974 1617 vitia

125 1570 282 1697 dicuntur.
316 1637 427 1719 Atqui,
460 1637 603 1716 quoniam
626 1658 713 1719 pares
735 1636 857 1697 virtutes
877 1649 973 1717 sont,

126 1731 217 1783 recte
234 1719 340 1799 laem,
362 1717 483 1804 quaudo
504 1743 522 1782 a
544 1720 702 1783 virtutibus
722 1719 973 1805 proficiscuntur,

126 1803 217 1886 paria
253 1827 318 1867 esse
353 1804 483 1881 debent3
505 1806 638 1887 itemque
665 1818 807 1890 peccata,
828 1806 974 1888 quoniam

128 1908 173 1948 ex
194 1888 274 1953 titiis
301 1902 450 1966 manant,
483 1888 543 1950 sint
563 1889 701 1973 aequalia
729 1912 847 1951 necesse
869 1901 922 1951 ost.
945 1889 974 1952 Α

115 1971 345 2056 philosophia,
369 1970 492 2075 inquis,
513 1972 569 2034 ista
598 1972 699 2037 sumis.
720 1972 909 2051 Metuebant,
933 1985 980 2036 ne‘

47 2128 49 2131 Ι
108 2075 150 2131 ,ι
180 2055 363 2133 lenonibus,
386 2056 512 2129 drceres.
545 2056 683 2118 Socrates
713 2055 884 2141 disputabat
916 2058 974 2119 isto

131 2138 236 2203 modo.
257 2141 340 2202 Beue
353 2141 465 2202 'hercle
494 2162 612 2203 uanas:
635 2162 721 2217 nam,
743 2141 831 2204 istum
853 2141 974 2204 doctum

132 2235 164 2284 et
186 2222 350 2308 sapientem
386 2225 481 2286 virum
501 2224 616 2302 luisse,
650 2226 812 2288 memoriae
830 2227 975 2289 traditum
1070 2290 1073 2295 ,
1104 2298 1106 2301 ,

81 2324 84 2329 ‘
132 2320 190 2368 est.
224 2308 283 2368 Sed
312 2305 412 2371 tamen
440 2332 552 2392 quaero
581 2332 621 2371 ex
648 2322 676 2370 te
698 2310 839 2395 (qnando
873 2309 976 2372 verbis

132 2390 291 2456 internos
325 2392 556 2472 oontendimus,
578 2416 638 2457 non
661 2394 793 2477 pugnis)
815 2406 912 2455 utrum
935 2392 976 2457 de

39 2543 46 2550 ,
132 2474 224 2537 bouis
255 2487 300 2537 est
320 2477 525 2560 quaerendum
552 2479 623 2561 qnid
646 2478 765 2555 baiuli,
784 2489 875 2558 atque
896 2498 973 2560 ope·

134 2559 227 2636 rarii,
250 2583 289 2641 au
321 2560 394 2644 quid
423 2562 561 2626 homines
592 2561 756 2625 doctissimi
791 2559 972 2623 senserint?

133 2645 310 2726 praesertim
332 2667 424 2727 quum
459 2645 516 2708 hae
548 2647 696 2708 sententia
727 2669 788 2709 non
808 2645 974 2722 modo-ve·

115 2727 223 2805 rior,
245 2727 297 2788 sed
320 2750 358 2791 ne
377 2728 488 2809 utilior,
501 2730 624 2816 quidem
651 2730 808 2794 hominurn
828 2729 907 2792 ritae
922 2751 974 2808 re·

137 2926 156 2958 ι
171 2907 366 2977 Epiphonemn.
655 2962 657 2965 .

138 2975 338 3047 bApprobatio
354 2995 387 3033 ea
404 2976 561 3048 coniugata
