2359 3567
185 223 245 289 ria
372 247 403 290 u.
425 249 455 289 r.
475 246 572 289 creon.
593 248 631 289 aa
654 245 750 290 ome.

95 350 104 364 .
138 310 452 389 benefieii'oderunt3
476 333 602 394 eamque
640 312 782 374 iniuriam
813 310 846 371 in
880 312 987 377 deter-

139 396 233 458 renda
254 397 438 461 liberalitate
457 397 515 458 sibi
538 399 631 458 etiam
653 397 740 472 fieri3
763 418 893 479 eumque
929 402 988 481 qui

139 476 251 558 iaciat,
286 500 478 567 eommuuem
511 481 628 542 bostem
663 480 831 542 tenuiorum
865 496 987 564 putant.

141 564 245 645 Atque
267 568 341 630 bueo
362 566 642 649 benignitasetiam
665 567 743 648 reip.
763 564 847 629 utilis
878 580 945 643 εει,
965 589 990 627 α·

140 647 247 709 redimi
269 673 285 710 e
308 655 450 713 servitute
472 663 596 733 captos,
619 648 796 733 locupletari
811 651 991 711 tenuiorese

60 740 72 755 ⁴
142 731 224 813 quod
239 734 362 817 quidem
376 736 465 818 vulgo
480 738 601 796 solitum
616 734 681 795 fieri
693 734 732 793 ab
746 732 854 794 ordine
866 749 989 812 nostro,

140 815 179 897 iu,
189 821 326 881 oratione
339 819 437 881 Crassi
450 820 592 903 seriptum
607 817 727 900 copiose
741 817 883 881 videmus.
899 819 987 880 Hanc

141 921 211 982 ergo
233 905 481 966 consuetudinem
511 901 703 984 benignitatis
734 903 883 984 largitioni
916 926 987 967 mu-

141 1007 249 1048 nerum
272 988 359 1070 longe
381 1000 542 1071 antepono.
565 986 648 1049 Haeo
671 999 717 1046 est
736 986 986 1068 gravium-bomi-

139 1090 237 1147 num,
258 1086 349 1155 atque
372 1093 567 1154 magnorum:
591 1069 645 1132 ilia
661 1072 746 1154 quusi
768 1083 989 1133 assentatorum
1013 1090 1019 1095 ⁴

140 1153 274 1237 populi,
296 1155 500 1218 multitudiuis
523 1156 675 1216 levitatem
711 1153 870 1239 voluptate.
900 1157 988 1238 quasi

140 1239 534 1303 titillantium-Conveniet
553 1253 655 1302 autem
678 1250 741 1299 tum
753 1240 785 1299 iu
806 1238 906 1315 dando
923 1263 989 1302 mu·

141 1322 263 1387 uilicum
285 1348 371 1406 esse,
394 1338 459 1388 tum
481 1327 515 1386 iu
532 1322 681 1407 erigendo
697 1344 759 1384 non
780 1323 939 1399 acerbum3
956 1326 989 1385 in

142 1408 287 1491 omnique
306 1435 340 1474 re
361 1408 593 1485 contrahenda,
614 1407 796 1484 :vendendo3
832 1407 988 1486 emendo,
1023 1458 1033 1464 -

142 1492 359 1571 conducendo,
375 1494 523 1575 locando²
544 1492 775 1569 vicinitatibus'·,
797 1504 829 1552 ει
849 1492 990 1556 confiniis

95 1588 99 1595 ’
141 1598 296 1660 aequum,
319 1592 349 1640 et
372 1579 516 1655 facilem,
538 1579 638 1639 multa
656 1576 761 1638 multis
780 1575 817 1637 de
838 1576 903 1645 iure
933 1600 992 1638 suo

142 1662 327 1740 cedentem}
348 1660 494 1725 alitibus
516 1684 614 1738 vero,
637 1673 783 1744 quantum
820 1658 935 1736 liceat,
957 1675 992 1723 et

142 1748 265 1823 nescio,
288 1768 327 1808 au
350 1750 453 1832 paullo
476 1746 543 1830 plus
565 1746 679 1820 etiarn,
702 1767 793 1828 quam
815 1744 915 1821 liceat,
932 1746 989 1806 ab·

142 1830 323 1891 borreotem.
337 1833 354 1893 b
369 1832 421 1894 Est
433 1833 515 1894 enim
527 1850 588 1905 non
602 1829 695 1891 modo·
710 1829 835 1891 liberale
852 1829 993 1911 paullum

142 1935 361 1998 nonnunquam
384 1917 421 1978 do
437 1911 490 1978 suo
511 1916 576 1976 iure
592 1913 753 1990 decedere,
771 1913 995 1974 sediuterdum

143 1998 234 2059 etiam
257 1999 452 2062 fructuosum.
475 1998 625 2063 Habenda
646 2010 751 2058 autem
769 2010 813 2058 est
834 1997 909 2057 ratio
945 1999 990 2058 rei

144 2080 326 2162 familiaris,
338 2108 429 2168 quam
451 2084 577 2167 quidem
588 2081 683 2143 dilabi
697 2083 794 2142 sinere
809 2081 993 2163 flagitiosum

144 2181 189 2231 est
205 2191 218 2242 ;Δ
249 2168 302 2229 sed
332 2170 396 2248 ita,
434 2184 469 2230 ut
504 2164 747 2241 illiberalitatis,
782 2165 993 2247 avaritiaeque

144 2250 223 2314 absit
243 2254 381 2335 suspicio.
404 2254 493 2315 Posse
515 2251 596 2313 enim
617 2250 803 2310 liberalitate
836 2249 905 2326 uti,
927 2272 993 2310 non

144 2336 323 2419 spoliantem
346 2359 377 2405 se
410 2336 616 2419 patrimonio,
640 2333 782 2394 nimirum
813 2335 839 2394 is
871 2344 915 2392 est
936 2355 991 2416 pe-

56 2436 61 2441 ’
145 2423 254 2483 cuniae
277 2421 389 2482 fruetus
411 2421 567 2480 maximus.
589 2441 605 2477 c
628 2417 721 2479 R'eete
742 2418 833 2479 etiam
855 2415 992 2477 aTbeo-

123 2506 269 2591 ‘phrasto
290 2518 336 2564 est
362 2502 487 2565 laudata-
519 2501 728 2585 hospitalitas3
750 2514 795 2561 est
829 2501 932 2577 enim3
955 2514 993 2562 ut

144 2589 219 2650 mibi
249 2588 372 2671 quidem
408 2586 527 2648 videtur
544 2632 558 2663 ‚.
575 2585 661 2645 valde
698 2583 867 2661 decorum,
886 2596 991 2667 patere
1018 2662 1020 2665 ι

145 2673 249 2737 tomos
271 2674 427 2736 bominum
442 2672 607 2735 illustrium
623 2666 788 2731 illustribus
804 2667 993 2753 hospitibus·²

146 2859 163 2893 a
182 2843 218 2896 Vt
236 2839 282 2892 alii
300 2805 355 2892 sint
372 2838 406 2890 ad
422 2853 538 2907 pugnam
555 2832 755 2904 promptiores,
773 2841 801 2886 et
828 2850 863 2887 ue
892 2840 992 2901 egestas

179 2926 271 2962 rerum
287 2923 419 2961 novarum
435 2907 544 2973 cupiens
562 2904 652 2956 iaciat.
758 2937 762 2943 -

146 2975 333 3052 &Paullulum
361 2973 421 3025 aliis
450 2973 484 3023 de
511 2968 560 3024 ruo
577 2971 636 3021 iore
660 2968 807 3021 concedere
824 2966 994 3026 liberalitatis

121 3070 125 3079 ·
181 3057 289 3108 speeies.

147 3122 163 3156 e
181 3107 355 3176 hospitalitas
372 3105 481 3175 publice
498 3103 678 3175 puratimque
696 3102 771 3159 utilis
784 3102 819 3157 ad
833 3101 926 3162 nutu.
