2359 3567
203 298 204 301 Ἴ
434 236 560 295 meurs,
583 234 630 279 sni
652 238 690 280 nn
709 237 789 281 ante.
932 243 990 309 ²²7

183 309 250 370 'uari
272 304 396 390 quidem
429 326 605 388 possumus,
638 324 820 392 quemquam
855 296 963 368 borum
998 313 1037 374 ab

189 396 288 454 amico
311 390 467 472 quippiam
489 387 694 471 contendisse,
710 387 794 470 quod
806 400 907 451 contra
929 395 1036 473 fidem,

178 490 293 538 'eontra
318 473 548 547 iusiurandum,
577 484 679 533 eontra
713 494 807 555 remp.
841 488 926 537 esset.
961 477 1037 539 Nam

189 562 250 622 hoc
262 558 385 641 quidem
402 558 432 617 in
445 558 554 619 talibus
567 556 637 616 viris
658 556 732 637 quid
745 557 851 617 attinet
865 557 986 623 dicere?
1002 563 1036 624 Si

181 642 412 716 contendisset,
434 643 496 702 scio
518 644 734 723 imperaturum
751 664 811 701 non
826 641 1036 727 suisse‚quum

190 727 238 787 itti
261 727 434 786 sanctissimi
458 727 515 786 viri
537 724 658 784 fuerint.
681 724 796 806 AFque
818 739 919 788 autem
954 731 1036 791 nefas

182 812 229 871 'sit
252 812 311 871 tale
332 807 448 892 aliquid
470 823 500 869 et
535 808 633 869 facere
666 821 824 889 rogatum,
856 824 887 871 et
921 834 1036 895 rogare.

179 897 233 957 'At
263 915 331 958 vero
362 893 524 954 Tiberium
559 893 732 953 Gracchum
766 894 969 976 sequebantur
1001 898 1034 959 C.

190 976 288 1038 Carbo
304 1025 313 1055 ‚
335 976 370 1039 C.
393 975 490 1054 Cato,
512 989 543 1037 et
555 978 698 1036 minimus
721 988 791 1038 tunc
806 980 930 1061 quidem
946 982 1035 1045 Caius

190 1061 305 1139 irater,
328 1083 409 1122 nune
431 1060 518 1121 idem'
533 1062 702 1122 acerrimus.

230 1229 355 1291 oHaec
388 1229 479 1311 igitur
505 1229 555 1289 lex
585 1227 616 1287 in
645 1227 977 1310 amicitia-sanciatur,
1001 1251 1036 1298 ut

189 1335 288 1394 neque
310 1335 447 1395 rogemus
468 1335 515 1377 res
537 1324 660 1394 turpes,
682 1333 739 1371 nec
762 1312 906 1376 iaciamus
929 1324 1033 1400 rogati.

187 1397 298 1480 Turpis
320 1400 399 1457 euim
418 1398 570 1457 excusatio
591 1408 650 1469 est,
662 1407 697 1454 et
720 1395 843 1458 minime
859 1402 1035 1484 accipientia

146 1497 150 1505 “
188 1503 257 1542 eum
280 1484 311 1542 in
344 1484 452 1542 ceteris
489 1481 641 1564 peccatis,
678 1491 747 1541 tum'
773 1483 796 1541 si
831 1487 899 1565 quis
932 1503 1034 1550 contra
1094 1520 1107 1543 s

176 1581 280 1648 ‘remp
303 1586 334 1624 se
356 1565 447 1625 amici
469 1587 571 1625 caussa
608 1564 710 1624 secisse
744 1563 880 1636 fateatur.
914 1573 1034 1634 Etenim

187 1669 223 1708 co
246 1649 335 1727 loeo,
359 1650 478 1725 Fanni,
501 1662 531 1709 et
553 1648 718 1723 Scaevoia,
742 1649 832 1712 locati
854 1666 976 1732 sumus3
1001 1672 1034 1718 ut

186 1755 240 1792 nos
263 1735 350 1817 longe
371 1733 541 1817 prospicere
563 1746 700 1816 oporteat
718 1733 834 1813 futuros
856 1761 939 1799 casus
957 1743 1032 1825 reip.

175 1815 309 1878 'deflexit
330 1819 415 1897 enim
436 1821 494 1878 iam
517 1817 739 1898 aliquantulum
763 1817 800 1879 de
823 1827 939 1907 spatio,
968 1849 1034 1886 enr-

186 1900 344 1983 rieuioque
355 1903 538 1962 consuetudo
551 1902 706 1962 maiorum.
722 1902 793 1963 Tib.
810 1907 967 1970 Gracchus
989 1934 1034 1971 re-

174 1994 279 2064 'gnum
290 2008 434 2068 occupare
449 1995 575 2047 'conatus
586 1999 646 2063 est,
661 1985 705 2045 rel
720 1992 854 2068 regnarit
869 1992 893 2050 is
910 1993 1032 2074 quidem

177 2087 301 2147 paucos
322 2088 445 2131 menses.
467 2069 546 2131 Num
568 2069 642 2152 quid
661 2070 760 2154 'simile
783 2073 913 2156 populus
943 2078 1030 2145 Rom.

187 2151 346 2231 audierat,
368 2168 421 2215 aut
443 2154 580 2215 viderat?
597 2153 685 2215 Hune
706 2155 796 2217 etiam
819 2170 885 2240 post
906 2179 1032 2227 mortem

186 2239 279 2298 seenti
301 2239 411 2315 amici,
434 2253 465 2299 et
486 2238 660 2321 propinqui.
683 2237 764 2314 Quid
788 2243 818 2302 iu
841 2244 876 2305 P.
911 2248 1029 2332 Scipio-

175 2326 256 2381 ’nem
277 2321 412 2383 Nasicam
433 2324 609 2398 effecerint,
632 2321 695 2380 'siue
710 2323 847 2409 iacrymis
869 2353 928 2393 non
952 2355 1031 2413 queo

82 2426 88 2433 ·
149 2451 153 2457 .
187 2403 295 2467 dicere.
318 2406 394 2468 Nam
405 2406 598 2480 Carbonem,
622 2428 745 2488 quoquo
758 2412 846 2471 modo
858 2418 1029 2496 potuimus,

186 2503 310 2571 propter
330 2504 479 2551 recentem
502 2511 630 2574 poenam
652 2491 769 2554 'liberii
799 2495 954 2572 Gracchi,
970 2523 1029 2561 sn·

111 2626 118 2637 ,
175 2574 356 2635 ‘stiuuimus
376 2577 424 2637 De
446 2574 480 2637 C.
502 2574 633 2636 Gracchi
654 2588 754 2634 autem
777 2576 931 2642 tribunatu
954 2586 1030 2666 quid

172 2666 376 2739 exspectem,
413 2681 473 2720 non
510 2660 584 2742 libet
624 2664 773 2740 augurari.
810 2662 913 2747 Serpit
948 2673 1029 2730 euim

95 2780 97 2783 -
184 2739 293 2802 deiude
330 2764 401 2818 res,
449 2765 525 2824 qnae
567 2743 705 2827 proclivis
746 2746 784 2807 ad
826 2752 1023 2831 perniciem,

184 2820 279 2906 quum
301 2828 392 2886 semel
414 2831 537 2910 eoepit,
557 2827 683 2888 labitur.
705 2825 823 2891 Videtis
852 2836 883 2893 in
918 2835 1028 2897 tabella

182 3043 199 3077 a
216 3024 307 3077 Prima
325 3024 369 3076 lex
387 3005 560 3096 inamicitia,
574 3036 604 3082 ut
621 3045 708 3099 neque
721 3045 842 3099 remmus
860 3048 902 3088 ret
920 3014 1023 3107 turpes,

178 3118 183 3124 -
215 3109 267 3146 neo
282 3090 411 3151 faciamus
425 3094 518 3165 rogati.
570 3126 572 3129 ·
600 3110 603 3117 “
