2359 3567
404 144 463 183 arn.
485 143 533 183 ιιι.
555 144 620 183 cre.
644 144 707 182 rrrr.
843 188 845 191 .
882 125 917 187 18

138 206 208 268 ricis
229 217 349 269 statuae
370 204 407 266 ad
431 229 480 267 eas
504 206 589 281 thas,
613 220 645 273 et
660 200 853 283 'cereiQuirl
867 148 984 270 multa?

136 288 235 353 Nemo
258 311 391 375 unquam
414 289 604 352 multitudini
617 290 675 350 luit
686 289 793 351 carior.
808 289 889 352 llaec
902 305 984 370 sunt,

135 396 216 456 quae
238 376 424 435 conturbant
448 375 477 435 in
501 373 720 441 deliberatione
744 395 985 459 nonnumquam,

79 461 81 464 ’
136 478 234 539 quum
256 457 310 535 irl',
332 459 363 519 in
408 479 447 518 uo
481 458 610 519 violatur
645 457 805 540 aequitas,
841 481 903 520 non
939 463 985 522 ita

124 561 303 623 magnum,
327 480 406 603 illul
424 555 552 617 autem,
575 541 658 624 quod
693 563 732 604 ex
766 563 803 602 eo
840 543 984 625 paritur,

54 628 57 635 ’
134 644 336 767 permagnum
361 625 517 707 ridetorp
530 637 563 686 nt
584 625 704 703 Mario,
727 626 900 709 praeripere
917 627 984 689 col·

151 711 235 790 egis,
257 722 287 769 et
302 708 440 787 ,tribunis
462 709 560 793 plebis
582 711 760 794 popularem
784 712 909 794 gratiam
924 735 985 772 noo

134 791 180 853 ita
203 805 315 876 turpe3
337 792 490 875 consulem
512 793 551 854 oh
588 817 653 855 earn
685 817 747 855 rem
775 794 862 870 lieri,
900 794 984 876 quod

21 944 34 961 ἢ
134 876 196 938 sibi
235 892 307 938 tuuc
340 891 559 960 proposuerat,
590 878 677 939 valde
708 880 784 938 utile
816 878 987 940 ridebatur.

137 958 197 1020 sed
221 960 356 1023 omnium
379 984 437 1022 una
461 963 562 1043 regula
585 976 652 1038 est,
676 985 767 1044 quam
796 963 887 1044 cupio
927 961 985 1023 tibi

138 1066 200 1104 esse
226 1046 408 1105 notissimam
422 1068 439 1123 a¹
453 1059 506 1106 aut
528 1047 624 1123 illud,
646 1047 736 1128 quorl·
753 1046 828 1106 utile
852 1046 984 1122 ridetur,

138 1138 225 1210 turpe
249 1151 287 1188 ne
309 1129 346 1189 sit
361 1151 378 1202 ς
396 1143 449 1190 aut
470 1132 492 1189 si
518 1142 608 1215 turpe
629 1143 684 1207 est,
708 1152 746 1190 ne
770 1131 906 1190 rirleatnr
921 1151 986 1189 esse

137 1215 226 1272 utile.
247 1213 328 1291 Quid
353 1211 471 1293 igitur?
496 1213 694 1274 Possumusne
716 1228 769 1274 aut
803 1213 890 1274 illum
924 1212 988 1272 Ma·

136 1294 217 1357 rium
242 1298 339 1375 sirum
361 1296 474 1357 bonnm
497 1297 652 1374 indicare,
674 1309 727 1357 aut
748 1296 844 1358 hunc?
858 1296 986 1378 Explica

57 1446 60 1450 μ
138 1391 235 1461 atque
258 1392 369 1440 excute
401 1381 632 1462 intelligentiam
670 1393 775 1455 tuam,
807 1393 840 1440 nt
861 1380 987 1454 rideas,

138 1483 216 1542 quae
239 1462 277 1522 sit
299 1466 330 1523 in
353 1486 387 1523 ea
409 1467 548 1547 species,
586 1465 707 1541 forma,
743 1476 774 1523 et
811 1463 895 1523 notio
929 1463 986 1522 riri

136 1542 221 1608 boni.
243 1542 424 1629 Cadit'irrgo
447 1549 478 1608 in
501 1549 596 1608 rirum
619 1549 732 1609 bonum
756 1549 876 1608 mentiri
900 1569 986 1606 emo·

138 1625 266 1692 tumenti
288 1632 332 1692 sui
346 1654 459 1709 caussa,
482 1632 648 1709 criminari,
660 1632 843 1716 praeripere,
858 1629 984 1692 fallere?

99 1736 103 1743 ·
137 1708 219 1777 Nihil
242 1716 376 1798 prolecto
400 1717 509 1778 minus.
531 1716 583 1779 Est
612 1739 680 1801 ergo
710 1718 772 1777 ulla
803 1739 849 1777 res
883 1714 986 1792 tanti,

137 1812 189 1858 aut
212 1800 403 1861 commodum
426 1803 521 1862 ullum
546 1814 607 1862 tam
629 1801 846 1884 expetendum,
869 1813 902 1860 nt
925 1801 986 1860 riri

136 1879 238 1960 boni,
261 1896 292 1943 et
314 1885 523 1966 splendorem,
545 1898 577 1946 et
599 1908 708 1946 nomen
731 1884 878 1946 amittas?
901 1883 987 1959 Quid

139 1977 208 2041 est,
231 1969 312 2050 qnod
335 1970 448 2029 afferre>
466 1982 584 2030 tantum
606 1970 721 2029 utilitas
744 1968 824 2042 ista,
847 1987 926 2047 quae
940 1965 987 2025 ‹li-

138 2049 242 2124 citur,
262 2052 371 2134 possit,
404 2067 552 2133 quantum
586 2052 732 2128 arrlerre,
765 2049 789 2109 si
821 2050 893 2110 boni
927 2049 985 2112 riri

31 2168 34 2173 >
139 2156 250 2195 nomen
263 2137 431 2217 eripuerit,
455 2136 555 2212 fidem,
578 2136 783 2218 justitiamque
805 2134 985 2195 detraxerit?

139 2217 324 2295 Quidenim
349 2221 491 2297 interest,
514 2235 616 2280 utrum
640 2221 824 2285 exhaurire
860 2241 890 2278 se
918 2219 988 2299 quia

140 2304 278 2362 conserat
300 2305 330 2363 in
352 2305 512 2376 belluam,
536 2328 574 2365 an
600 2305 630 2365 irr
656 2304 785 2364 bominis
808 2304 898 2384 figura
924 2302 985 2361 im·

141 2388 316 2447 manitatem
340 2402 424 2470 gerat
444 2387 588 2449 belluae?
613 2389 723 2466 Quiri?
746 2387 800 2469 qui
821 2389 920 2446 omnia
937 2408 985 2445 re·

140 2482 208 2544 cta,
231 2484 263 2531 et
286 2474 407 2532 honesta
431 2474 609 2553 negligunt,
631 2472 795 2533 dummodo
818 2474 986 2555 potentiam

140 2569 390 2635 consequantur,
412 2578 511 2616 nonne
535 2556 615 2616 idem
652 2558 785 2632 sariunt,
821 2554 901 2637 qnod
937 2556 986 2629 is,

141 2636 195 2717 qui
217 2640 308 2699 etiam
344 2661 480 2699 socerum
515 2640 627 2701 halrere
665 2641 758 2713 voluit
779 2660 871 2709 eum;
901 2637 987 2697 cuius

141 2723 206 2802 ipse
229 2722 355 2781 andacia
379 2735 486 2802 potens
508 2724 616 2784 esset?
645 2724 728 2783 Vtile
763 2728 793 2783 ei
828 2721 987 2782 ridebatur

95 2814 98 2819 ’
142 2804 307 2888 plurimum
331 2826 415 2889 posse
435 2807 562 2868 alterius
584 2809 714 2868 invidia:
739 2808 769 2866 id
792 2828 881 2887 qoam
906 2805 987 2864 iniu-

143 2903 220 2951 atum
243 2887 275 2953 in
297 2891 446 2975 patriam,
481 2913 572 2974 quam
603 2890 735 2967 inutile,
772 2910 864 2972 quam
899 2899 989 2971 turpe
