2359 3567
365 167 506 220 tramis,
528 165 573 205 sor
597 166 634 205 na
655 138 735 205 turc.
868 146 928 219 239

122 231 254 295 omnino
275 229 334 291 sibi
348 250 541 312 nequaquem
563 249 685 310 parem,
702 224 784 311 quod
799 225 824 286 is
838 226 972 288 anteibat

124 330 248 392 aetate,
271 327 416 397 tanquam
445 315 629 397 superiorem
665 311 808 387 nolebat3
842 333 972 394 suosque

124 423 230 473 omues
251 421 307 481 per
328 421 359 460 se
380 421 444 460 esse
476 398 636 480 ampliores
668 396 797 457 volebat.
829 417 849 455 a
881 396 973 475 Quod

125 484 325 558 iaciendum,
349 481 589 564 imitandumque
611 493 657 541 est
677 480 816 541 omnibus
834 501 843 553 3
867 494 925 556 ut,
948 480 974 541 si

124 590 219 650 quam
253 567 464 649 praestantiam
501 565 644 641 virtutis,
667 563 805 645 ingenii,
832 562 973 625 fortunae

123 652 278 712 consecuti
300 663 392 726 aunt,
415 650 589 732 impertiant
611 671 679 710 eam
701 649 784 724 ruisi
806 649 973 710 communi·

124 747 256 815 centque
275 756 347 795 cum
368 734 538 816 proximis3
561 746 616 808 ut,
646 734 670 793 si
701 730 876 816 parentibus
908 735 973 795 nati

123 819 185 878 sint
208 818 394 896 humilibus,
416 818 441 877 si
462 818 649 900 propinquos
679 818 812 879 habeant
837 817 973 881 imbecil-

123 902 218 962 liores
240 903 285 969 ret
307 903 432 979 animo,
456 900 503 961 vet
527 901 647 963 fortuna
665 925 674 977 3
705 923 812 963 eorum
843 915 973 985 augeant

122 1008 219 1069 opes,
241 986 347 1068 eisque
373 987 484 1048 honori
520 987 604 1062 sint,
627 999 658 1048 et
687 985 849 1069 dignitati:
874 988 908 1048 ut
938 987 973 1049 in

122 1069 254 1146 fabulis,
269 1071 322 1152 qui
334 1070 512 1154 aliquandiu
525 1083 649 1154 propter
667 1070 885 1152 ignorationem
897 1073 972 1135 stir-

121 1154 196 1237 pis3
219 1167 251 1216 et
271 1157 389 1235 generis
410 1156 442 1215 in
466 1155 615 1225 famulatu
637 1155 773 1231 inerint3
797 1177 893 1237 quum
923 1179 973 1217 oo·

122 1238 199 1321 gniti
221 1253 313 1312 sunt,
335 1252 367 1300 et
387 1253 441 1301 ant
461 1239 614 1314 deornm,
636 1254 689 1306 aut
710 1261 815 1323 regum
838 1240 893 1302 titii
922 1242 971 1301 in·

122 1324 208 1383 venti
217 1367 230 1401 ‚
252 1322 384 1386 retinent
395 1335 496 1386 tumen
511 1326 669 1387 caritatem
682 1325 714 1385 in
730 1337 879 1408 pastores,
896 1345 972 1407 qnos

121 1419 227 1488 patres
248 1409 357 1469 multos
369 1416 468 1470 anno!
486 1431 549 1471 esse
564 1402 727 1470 duxerunt.
740 1407 832 1488 Quod
846 1407 972 1490 quidem

122 1502 170 1550 est
190 1492 288 1559 muito
309 1493 447 1574 proiecto
469 1494 562 1576 magis
584 1496 617 1554 in
639 1495 718 1554 reris
739 1493 898 1576 patribus,
911 1515 973 1554 oer-

122 1575 223 1657 tisque
244 1574 425 1639 beieodum.
447 1576 574 1639 Fructus
596 1576 678 1639 enim
699 1576 836 1660 ingenii,
859 1591 891 1638 et
913 1578 971 1639 vir·

123 1660 222 1737 tntis,
244 1662 403 1745 omnisque
424 1662 625 1743 praestantiae
650 1674 714 1725 tum
746 1662 897 1724 maximus
919 1686 971 1724 oa·

143 1742 228 1820 itur,
250 1767 346 1828 quum
368 1749 400 1807 in
422 1746 591 1829 proximum
622 1769 773 1832 quemque
805 1746 971 1812 confertur.

153 1841 165 1888 t
186 1829 279 1911 igitur
300 1829 347 1906 ii,
363 1831 416 1913 qui
439 1844 508 1892 sunt
529 1832 561 1892 iu
582 1832 730 1894 amicitiae
752 1832 971 1894 coniunctioni·

121 1933 197 1994 sque
218 1915 438 1977 necessitudine
453 1916 640 1999 superiorea3
664 1939 834 2000 exaequare
857 1939 888 1977 se
900 1941 969 1980 cont

121 1995 315 2063 inferioribus
327 1999 508 2076 debent3'sio
524 2001 681 2064 inferiores
693 2025 755 2063 non
770 2001 894 2078 dolere,
908 2024 940 2063 se
952 2026 971 2063 a
1028 2034 1034 2041 ,

121 2081 184 2140 suis
205 2081 309 2141 amicis
323 2098 375 2145 aut
386 2086 525 2167 ingenio,
538 2101 591 2146 aut
604 2085 742 2163 fortuna,
758 2099 811 2146 aut
823 2085 969 2168 dignitate

122 2166 269 2307 sulmerari.
291 2167 428 2246 Quorum
451 2170 589 2255 plerique
604 2184 657 2235 aut
669 2184 838 2255 queruntur
851 2193 970 2255 semper
1062 2241 1065 2247 ¹

120 2271 138 2307 a
152 2249 264 2332 aquid,
287 2255 452 2331 autetiam
472 2256 676 2336 exprobrant3
693 2277 791 2338 eoque
804 2257 895 2337 magis
911 2303 925 2333 ,.
944 2258 969 2317 si
1031 2308 1035 2313 .

121 2333 235 2397 babere
246 2357 278 2396 se
291 2350 418 2417 putant,
432 2338 515 2421 quod
527 2339 675 2411 officiose,
688 2355 718 2402 et
732 2340 844 2416 amice,
858 2352 969 2401 etcum

121 2437 218 2491 eura,
241 2434 272 2480 et
284 2420 390 2484 labore
412 2422 515 2506 aliquo
531 2446 585 2485 sno
606 2422 718 2487 sactum
730 2438 843 2508 queant
854 2423 967 2484 dicere.¹

119 2500 267 2564 Odiosum
288 2528 358 2566 sane
380 2529 474 2588 genus
496 2510 651 2570 hominum
664 2510 761 2571 officia
782 2508 968 2591 exprobran-
1067 2565 1070 2569 ,

121 2583 216 2663 tium;
240 2588 257 2646 b
279 2612 356 2673 quae
378 2593 546 2654 meminisse
568 2594 660 2655 debet
681 2595 724 2670 is,
748 2595 781 2655 in
801 2616 892 2676 quern
906 2593 968 2655 eoi-

119 2669 183 2730 lata
219 2684 311 2750 sont,
349 2697 702 2753 uontoommemorare⁹
737 2679 790 2759 qui
826 2680 966 2741 eontulit.

118 2753 351 2837 Quamobrem,
383 2774 416 2821 ut
450 2761 497 2838 ii,
520 2764 572 2845 qui
595 2762 760 2847 superiores
781 2776 872 2839 sunt,
894 2761 967 2823 sub«

108 2860 137 2936 ¹o
153 2885 285 2955 Superior
301 2899 384 2945 aetate
401 2895 529 2949 colendus
546 2905 586 2948 eat
623 2920 625 2927 ι
995 2922 998 2923 ’

81 2962 83 2967 ·
118 2952 135 3002 ὃ
151 2954 307 3011 Meminisse
324 2961 460 3031 debetis,
480 2967 509 3016 in
526 2981 607 3033 quem
617 2963 743 3021 cottana
756 2969 795 3016 ost
806 2958 965 3028 beneficium

61 3066 67 3090 Ι
151 3037 207 3077 nou
225 3040 393 3099 memorare,
411 3035 457 3106 qui
476 3033 607 3086 eontulita
