<?xml version="1.0" encoding="UTF-8"?>
<!DOCTYPE html PUBLIC "-//W3C//DTD XHTML 1.0 Transitional//EN"
    "http://www.w3.org/TR/xhtml1/DTD/xhtml1-transitional.dtd">
<html xmlns="http://www.w3.org/1999/xhtml" xml:lang="en" lang="en">
 <head>
  <title>
</title>
<meta http-equiv="Content-Type" content="text/html;charset=utf-8" />
  <meta name='ocr-system' content='tesseract 3.04.00' />
  <meta name='ocr-capabilities' content='ocr_page ocr_carea ocr_par ocr_line ocrx_word'/>
</head>
<body>
  <div class='ocr_page' id='page_1' title='image "./mtulliiciceroni114cicegoog/mtulliiciceroni114cicegoog_0141.png"; bbox 0 0 2359 3567; ppageno 0'>
   <div class='ocr_carea' id='block_1_1' title="bbox 145 304 1002 724">
    <p class='ocr_par' dir='ltr' id='par_1_1' title="bbox 145 304 1002 724">
     <span class='ocr_line' id='line_1_1' title="bbox 443 304 959 375; baseline -0.006 -8"><span class='ocrx_word' id='word_1_1' title='bbox 443 314 741 375; x_wconf 13' lang='lat' dir='ltr'><strong>mmmtst</strong></span> <span class='ocrx_word' id='word_1_2' title='bbox 901 304 959 365; x_wconf 56' lang='grc' dir='ltr'><strong><em>Μ</em></strong></span> 
     </span>
     <span class='ocr_line' id='line_1_2' title="bbox 153 385 1000 471; baseline -0.004 -18"><span class='ocrx_word' id='word_1_3' title='bbox 153 402 274 454; x_wconf 62' lang='lat' dir='ltr'><strong>nemum</strong></span> <span class='ocrx_word' id='word_1_4' title='bbox 293 409 362 451; x_wconf 81' lang='lat' dir='ltr'><strong>eum</strong></span> <span class='ocrx_word' id='word_1_5' title='bbox 383 409 443 464; x_wconf 68' lang='grc' dir='ltr'><strong>ω’,</strong></span> <span class='ocrx_word' id='word_1_6' title='bbox 466 386 551 470; x_wconf 88' lang='lat' dir='ltr'><strong>quod</strong></span> <span class='ocrx_word' id='word_1_7' title='bbox 571 385 647 447; x_wconf 82' lang='lat' dir='ltr'><strong>utile</strong></span> <span class='ocrx_word' id='word_1_8' title='bbox 662 389 769 470; x_wconf 81' lang='lat' dir='ltr'><strong>putant</strong></span> <span class='ocrx_word' id='word_1_9' title='bbox 782 423 791 462; x_wconf 85' lang='lat'>‚</span> <span class='ocrx_word' id='word_1_10' title='bbox 806 406 1000 471; x_wconf 81' lang='lat' dir='ltr'><strong>comparare3</strong></span> 
     </span>
     <span class='ocr_line' id='line_1_3' title="bbox 152 469 1002 554; baseline -0.002 -17"><span class='ocrx_word' id='word_1_11' title='bbox 152 475 224 537; x_wconf 83' lang='lat' dir='ltr'><strong>boui</strong></span> <span class='ocrx_word' id='word_1_12' title='bbox 246 473 301 534; x_wconf 80' lang='lat' dir='ltr'><strong>riri</strong></span> <span class='ocrx_word' id='word_1_13' title='bbox 324 495 385 534; x_wconf 92' lang='lat' dir='ltr'><strong>non</strong></span> <span class='ocrx_word' id='word_1_14' title='bbox 399 472 507 534; x_wconf 82' lang='lat' dir='ltr'><strong>solent.</strong></span> <span class='ocrx_word' id='word_1_15' title='bbox 520 469 627 554; x_wconf 86' lang='lat' dir='ltr'><strong>ltaque</strong></span> <span class='ocrx_word' id='word_1_16' title='bbox 647 470 797 545; x_wconf 77' lang='lat' dir='ltr'><strong>existimo,</strong></span> <span class='ocrx_word' id='word_1_17' title='bbox 813 472 1002 551; x_wconf 73' lang='lat' dir='ltr'>Panaetium,</span> 
     </span>
     <span class='ocr_line' id='line_1_4' title="bbox 153 553 1000 641; baseline -0.001 -21"><span class='ocrx_word' id='word_1_18' title='bbox 153 581 249 640; x_wconf 90' lang='lat' dir='ltr'><strong>quum</strong></span> <span class='ocrx_word' id='word_1_19' title='bbox 271 556 382 619; x_wconf 80' lang='lat' dir='ltr'>dixerit</span> <span class='ocrx_word' id='word_1_20' title='bbox 413 557 548 619; x_wconf 77' lang='lat' dir='ltr'><strong>homines</strong></span> <span class='ocrx_word' id='word_1_21' title='bbox 581 556 733 616; x_wconf 76' lang='lat' dir='ltr'><strong>solereio</strong></span> <span class='ocrx_word' id='word_1_22' title='bbox 767 553 823 616; x_wconf 85' lang='lat' dir='ltr'><strong>hae</strong></span> <span class='ocrx_word' id='word_1_23' title='bbox 844 580 1000 641; x_wconf 82' lang='lat' dir='ltr'><strong>compara·</strong></span> 
     </span>
     <span class='ocr_line' id='line_1_5' title="bbox 145 641 1001 724; baseline 0.002 -22"><span class='ocrx_word' id='word_1_24' title='bbox 145 644 237 711; x_wconf 75' lang='lat' dir='ltr'><strong>tione</strong></span> <span class='ocrx_word' id='word_1_25' title='bbox 259 641 420 717; x_wconf 85' lang='lat' dir='ltr'><strong>dubitare,</strong></span> <span class='ocrx_word' id='word_1_26' title='bbox 435 642 500 705; x_wconf 81' lang='lat' dir='ltr'><strong>&#39;hoe</strong></span> <span class='ocrx_word' id='word_1_27' title='bbox 521 642 619 724; x_wconf 80' lang='lat' dir='ltr'><strong>ipsum</strong></span> <span class='ocrx_word' id='word_1_28' title='bbox 641 641 788 717; x_wconf 75' lang='lat' dir='ltr'>sensisse,</span> <span class='ocrx_word' id='word_1_29' title='bbox 810 642 891 723; x_wconf 92' lang='lat' dir='ltr'><strong>quod</strong></span> <span class='ocrx_word' id='word_1_30' title='bbox 914 642 1001 704; x_wconf 85' lang='lat' dir='ltr'><strong>dixe·</strong></span> 
     </span>
    </p>
   </div>
   <div class='ocr_carea' id='block_1_2' title="bbox 56 724 1085 808">
    <p class='ocr_par' dir='ltr' id='par_1_2' title="bbox 56 724 1085 808">
     <span class='ocr_line' id='line_1_6' title="bbox 56 724 1085 808; baseline 0.004 -23"><span class='ocrx_word' id='word_1_31' title='bbox 56 776 60 785; x_wconf 85' lang='lat'><em>.</em></span> <span class='ocrx_word' id='word_1_32' title='bbox 153 727 220 803; x_wconf 41' lang='lat' dir='ltr'><strong>rito</strong></span> <span class='ocrx_word' id='word_1_33' title='bbox 236 729 331 789; x_wconf 76' lang='lat' dir='ltr'><strong>solere</strong></span> <span class='ocrx_word' id='word_1_34' title='bbox 353 747 372 787; x_wconf 87' lang='lat' dir='ltr'><strong><em>a</em></strong></span> <span class='ocrx_word' id='word_1_35' title='bbox 394 725 507 802; x_wconf 90' lang='lat' dir='ltr'><strong>modo,</strong></span> <span class='ocrx_word' id='word_1_36' title='bbox 530 747 590 786; x_wconf 89' lang='lat' dir='ltr'><strong>non</strong></span> <span class='ocrx_word' id='word_1_37' title='bbox 612 724 866 808; x_wconf 75' lang='lat' dir='ltr'><strong>etiarnoportere.</strong></span> <span class='ocrx_word' id='word_1_38' title='bbox 884 726 1002 788; x_wconf 85' lang='lat' dir='ltr'><strong>Etenim</strong></span> <span class='ocrx_word' id='word_1_39' title='bbox 1083 740 1085 743; x_wconf 83' lang='lat'>&#39;</span> 
     </span>
    </p>
   </div>
   <div class='ocr_carea' id='block_1_3' title="bbox 68 808 1038 2311">
    <p class='ocr_par' dir='ltr' id='par_1_3' title="bbox 68 808 1038 2311">
     <span class='ocr_line' id='line_1_7' title="bbox 155 808 1001 894; baseline -0.001 -20"><span class='ocrx_word' id='word_1_40' title='bbox 155 834 217 874; x_wconf 89' lang='lat' dir='ltr'><strong>non</strong></span> <span class='ocrx_word' id='word_1_41' title='bbox 241 811 331 873; x_wconf 86' lang='lat' dir='ltr'><strong>modo</strong></span> <span class='ocrx_word' id='word_1_42' title='bbox 353 809 447 893; x_wconf 85' lang='lat' dir='ltr'><strong>pluris</strong></span> <span class='ocrx_word' id='word_1_43' title='bbox 478 822 607 894; x_wconf 79' lang='lat' dir='ltr'><strong>putare,</strong></span> <span class='ocrx_word' id='word_1_44' title='bbox 642 808 724 893; x_wconf 88' lang='lat' dir='ltr'><strong>quod</strong></span> <span class='ocrx_word' id='word_1_45' title='bbox 747 809 820 870; x_wconf 85' lang='lat' dir='ltr'><strong>utile</strong></span> <span class='ocrx_word' id='word_1_46' title='bbox 844 810 1001 889; x_wconf 84' lang='lat' dir='ltr'><strong>rideatur,</strong></span> 
     </span>
     <span class='ocr_line' id='line_1_8' title="bbox 155 893 1002 979; baseline 0.001 -21"><span class='ocrx_word' id='word_1_47' title='bbox 155 918 247 979; x_wconf 87' lang='lat' dir='ltr'><strong>quam</strong></span> <span class='ocrx_word' id='word_1_48' title='bbox 269 895 351 978; x_wconf 88' lang='lat' dir='ltr'><strong>quod</strong></span> <span class='ocrx_word' id='word_1_49' title='bbox 373 897 549 967; x_wconf 80' lang='lat' dir='ltr'><strong>honestum:</strong></span> <span class='ocrx_word' id='word_1_50' title='bbox 571 893 624 954; x_wconf 80' lang='lat' dir='ltr'><strong>sed</strong></span> <span class='ocrx_word' id='word_1_51' title='bbox 658 895 731 955; x_wconf 84' lang='lat' dir='ltr'><strong>haec</strong></span> <span class='ocrx_word' id='word_1_52' title='bbox 763 893 852 955; x_wconf 88' lang='lat' dir='ltr'><strong>etiam</strong></span> <span class='ocrx_word' id='word_1_53' title='bbox 874 895 952 959; x_wconf 86' lang='lat' dir='ltr'><strong>inter</strong></span> <span class='ocrx_word' id='word_1_54' title='bbox 971 918 1002 958; x_wconf 77' lang='lat' dir='ltr'><strong>se</strong></span> 
     </span>
     <span class='ocr_line' id='line_1_9' title="bbox 88 977 1003 1064; baseline 0.001 -22"><span class='ocrx_word' id='word_1_55' title='bbox 88 1012 115 1021; x_wconf 87' lang='lat'><strong>··</strong></span> <span class='ocrx_word' id='word_1_56' title='bbox 154 1003 345 1064; x_wconf 83' lang='lat' dir='ltr'><strong>comparare,</strong></span> <span class='ocrx_word' id='word_1_57' title='bbox 367 979 451 1042; x_wconf 91' lang='lat' dir='ltr'><strong>etin</strong></span> <span class='ocrx_word' id='word_1_58' title='bbox 486 980 531 1049; x_wconf 79' lang='lat' dir='ltr'><strong>his</strong></span> <span class='ocrx_word' id='word_1_59' title='bbox 557 977 763 1055; x_wconf 73' lang='lat' dir='ltr'><strong>addubitare,</strong></span> <span class='ocrx_word' id='word_1_60' title='bbox 801 982 1003 1064; x_wconf 77' lang='lat' dir='ltr'><strong>turpissimum</strong></span> 
     </span>
     <span class='ocr_line' id='line_1_10' title="bbox 153 1062 1001 1147; baseline 0.005 -22"><span class='ocrx_word' id='word_1_61' title='bbox 153 1078 208 1125; x_wconf 86' lang='lat' dir='ltr'><strong>est.</strong></span> <span class='ocrx_word' id='word_1_62' title='bbox 232 1065 314 1143; x_wconf 86' lang='lat' dir='ltr'><strong>Quid</strong></span> <span class='ocrx_word' id='word_1_63' title='bbox 335 1077 497 1144; x_wconf 63' lang='lat' dir='ltr'><strong>asterga,</strong></span> <span class='ocrx_word' id='word_1_64' title='bbox 521 1062 604 1147; x_wconf 91' lang='lat' dir='ltr'><strong>quod</strong></span> <span class='ocrx_word' id='word_1_65' title='bbox 639 1084 855 1146; x_wconf 82' lang='lat' dir='ltr'><strong>nonnunquam</strong></span> <span class='ocrx_word' id='word_1_66' title='bbox 877 1065 1001 1141; x_wconf 84' lang='lat' dir='ltr'><strong>dubita·</strong></span> 
     </span>
     <span class='ocr_line' id='line_1_11' title="bbox 154 1147 1003 1230; baseline 0.004 -21"><span class='ocrx_word' id='word_1_67' title='bbox 154 1152 265 1210; x_wconf 89' lang='lat' dir='ltr'><strong>tionem</strong></span> <span class='ocrx_word' id='word_1_68' title='bbox 289 1152 396 1210; x_wconf 82' lang='lat' dir='ltr'><strong>afferre</strong></span> <span class='ocrx_word' id='word_1_69' title='bbox 417 1148 534 1225; x_wconf 81' lang='lat' dir='ltr'><strong>soleat,</strong></span> <span class='ocrx_word' id='word_1_70' title='bbox 556 1147 881 1230; x_wconf 70' lang='lat' dir='ltr'><strong>,considerandumque</strong></span> <span class='ocrx_word' id='word_1_71' title='bbox 903 1149 1003 1212; x_wconf 84' lang='lat' dir='ltr'><strong>ridea-</strong></span> 
     </span>
     <span class='ocr_line' id='line_1_12' title="bbox 153 1212 1002 1319; baseline 0.004 -24"><span class='ocrx_word' id='word_1_72' title='bbox 153 1234 229 1307; x_wconf 79' lang='lat' dir='ltr'><strong>tur?</strong></span> <span class='ocrx_word' id='word_1_73' title='bbox 252 1233 269 1292; x_wconf 83' lang='lat' dir='ltr'><em>h</em></span> <span class='ocrx_word' id='word_1_74' title='bbox 291 1212 411 1309; x_wconf 83' lang='lat' dir='ltr'><strong>Credo,</strong></span> <span class='ocrx_word' id='word_1_75' title='bbox 433 1233 457 1292; x_wconf 86' lang='lat' dir='ltr'><strong>si</strong></span> <span class='ocrx_word' id='word_1_76' title='bbox 480 1231 602 1316; x_wconf 92' lang='lat' dir='ltr'><strong>quaudo</strong></span> <span class='ocrx_word' id='word_1_77' title='bbox 624 1230 773 1293; x_wconf 91' lang='lat' dir='ltr'><strong>dubitatio</strong></span> <span class='ocrx_word' id='word_1_78' title='bbox 785 1233 912 1312; x_wconf 78' lang='lat' dir='ltr'><strong>accidit,</strong></span> <span class='ocrx_word' id='word_1_79' title='bbox 925 1258 1002 1319; x_wconf 88' lang='lat' dir='ltr'><strong>qua·</strong></span> 
     </span>
     <span class='ocr_line' id='line_1_13' title="bbox 151 1315 1004 1400; baseline 0.005 -21"><span class='ocrx_word' id='word_1_80' title='bbox 151 1317 181 1379; x_wconf 89' lang='lat' dir='ltr'><strong>le</strong></span> <span class='ocrx_word' id='word_1_81' title='bbox 204 1317 242 1378; x_wconf 84' lang='lat' dir='ltr'><strong>sit</strong></span> <span class='ocrx_word' id='word_1_82' title='bbox 264 1316 320 1389; x_wconf 88' lang='lat' dir='ltr'><strong>id,</strong></span> <span class='ocrx_word' id='word_1_83' title='bbox 342 1315 379 1377; x_wconf 88' lang='lat' dir='ltr'><strong>de</strong></span> <span class='ocrx_word' id='word_1_84' title='bbox 397 1338 463 1399; x_wconf 74' lang='lat' dir='ltr'><strong>‚quo</strong></span> <span class='ocrx_word' id='word_1_85' title='bbox 485 1316 702 1378; x_wconf 79' lang='lat' dir='ltr'><strong>consideretur.</strong></span> <span class='ocrx_word' id='word_1_86' title='bbox 724 1319 820 1400; x_wconf 81' lang='lat' dir='ltr'>Saepe</span> <span class='ocrx_word' id='word_1_87' title='bbox 837 1320 916 1380; x_wconf 89' lang='lat' dir='ltr'><strong>enim</strong></span> <span class='ocrx_word' id='word_1_88' title='bbox 932 1335 1004 1383; x_wconf 89' lang='lat' dir='ltr'><strong>tem·</strong></span> 
     </span>
     <span class='ocr_line' id='line_1_14' title="bbox 173 1400 1001 1487; baseline 0.002 -24"><span class='ocrx_word' id='word_1_89' title='bbox 173 1425 230 1464; x_wconf 88' lang='lat' dir='ltr'><strong>ore</strong></span> <span class='ocrx_word' id='word_1_90' title='bbox 252 1403 307 1476; x_wconf 83' lang='lat' dir='ltr'><strong>fit,</strong></span> <span class='ocrx_word' id='word_1_91' title='bbox 329 1415 386 1478; x_wconf 87' lang='lat' dir='ltr'><strong>ut,</strong></span> <span class='ocrx_word' id='word_1_92' title='bbox 409 1401 491 1484; x_wconf 89' lang='lat' dir='ltr'><strong>quod</strong></span> <span class='ocrx_word' id='word_1_93' title='bbox 514 1400 695 1487; x_wconf 86' lang='lat' dir='ltr'><strong>plerumque</strong></span> <span class='ocrx_word' id='word_1_94' title='bbox 719 1414 805 1485; x_wconf 86' lang='lat' dir='ltr'><strong>turpe</strong></span> <span class='ocrx_word' id='word_1_95' title='bbox 828 1404 930 1465; x_wconf 85' lang='lat' dir='ltr'><strong>haberi</strong></span> <span class='ocrx_word' id='word_1_96' title='bbox 952 1429 1001 1465; x_wconf 81' lang='lat' dir='ltr'><strong>so·</strong></span> 
     </span>
     <span class='ocr_line' id='line_1_15' title="bbox 151 1426 1003 1569; baseline 0.005 -21"><span class='ocrx_word' id='word_1_97' title='bbox 151 1426 235 1564; x_wconf 71' lang='lat' dir='ltr'><strong>leat,</strong></span> <span class='ocrx_word' id='word_1_98' title='bbox 258 1487 429 1547; x_wconf 76' lang='lat' dir='ltr'><strong>inveniatur</strong></span> <span class='ocrx_word' id='word_1_99' title='bbox 447 1490 510 1546; x_wconf 74' lang='lat' dir='ltr'><strong>‘non</strong></span> <span class='ocrx_word' id='word_1_100' title='bbox 534 1508 598 1548; x_wconf 81' lang='lat' dir='ltr'><strong>esse</strong></span> <span class='ocrx_word' id='word_1_101' title='bbox 622 1499 720 1569; x_wconf 80' lang='lat' dir='ltr'><strong>turpe.</strong></span> <span class='ocrx_word' id='word_1_102' title='bbox 741 1486 880 1569; x_wconf 81' lang='lat' dir='ltr'><strong>Exempli</strong></span> <span class='ocrx_word' id='word_1_103' title='bbox 902 1511 1003 1551; x_wconf 81' lang='lat' dir='ltr'><strong>caussa</strong></span> 
     </span>
     <span class='ocr_line' id='line_1_16' title="bbox 68 1569 1031 1658; baseline 0.002 -26"><span class='ocrx_word' id='word_1_104' title='bbox 68 1574 78 1597; x_wconf 72' lang='lat'>³</span> <span class='ocrx_word' id='word_1_105' title='bbox 149 1584 281 1656; x_wconf 85' lang='lat' dir='ltr'><strong>ponatur</strong></span> <span class='ocrx_word' id='word_1_106' title='bbox 300 1569 441 1655; x_wconf 84' lang='lat' dir='ltr'><strong>aliquid,</strong></span> <span class='ocrx_word' id='word_1_107' title='bbox 464 1570 546 1654; x_wconf 90' lang='lat' dir='ltr'><strong>quod</strong></span> <span class='ocrx_word' id='word_1_108' title='bbox 573 1584 676 1655; x_wconf 85' lang='lat' dir='ltr'><strong>pateat</strong></span> <span class='ocrx_word' id='word_1_109' title='bbox 711 1571 811 1633; x_wconf 82' lang='lat' dir='ltr'><strong>latius.</strong></span> <span class='ocrx_word' id='word_1_110' title='bbox 833 1573 923 1648; x_wconf 85' lang='lat' dir='ltr'><strong>Quod</strong></span> <span class='ocrx_word' id='word_1_111' title='bbox 944 1597 1000 1658; x_wconf 87' lang='lat' dir='ltr'><strong>po-</strong></span> <span class='ocrx_word' id='word_1_112' title='bbox 1026 1604 1031 1617; x_wconf 45' lang='lat' dir='ltr'><strong>r</strong></span> 
     </span>
     <span class='ocr_line' id='line_1_17' title="bbox 89 1655 1002 1737; baseline 0.004 -20"><span class='ocrx_word' id='word_1_113' title='bbox 89 1712 91 1717; x_wconf 81' lang='grc'>,</span> <span class='ocrx_word' id='word_1_114' title='bbox 151 1670 207 1717; x_wconf 87' lang='lat' dir='ltr'><strong>test</strong></span> <span class='ocrx_word' id='word_1_115' title='bbox 229 1679 292 1716; x_wconf 80' lang='lat' dir='ltr'><strong>esse</strong></span> <span class='ocrx_word' id='word_1_116' title='bbox 314 1657 410 1717; x_wconf 90' lang='lat' dir='ltr'><strong>maius</strong></span> <span class='ocrx_word' id='word_1_117' title='bbox 431 1657 551 1733; x_wconf 85' lang='lat' dir='ltr'><strong>scelus,</strong></span> <span class='ocrx_word' id='word_1_118' title='bbox 573 1677 665 1737; x_wconf 81' lang='lat' dir='ltr'><strong>quana</strong></span> <span class='ocrx_word' id='word_1_119' title='bbox 694 1678 754 1715; x_wconf 93' lang='lat' dir='ltr'><strong>non</strong></span> <span class='ocrx_word' id='word_1_120' title='bbox 788 1655 877 1719; x_wconf 90' lang='lat' dir='ltr'><strong>modo</strong></span> <span class='ocrx_word' id='word_1_121' title='bbox 899 1658 1002 1723; x_wconf 77' lang='lat' dir='ltr'><strong>homi«</strong></span> 
     </span>
     <span class='ocr_line' id='line_1_18' title="bbox 150 1738 1038 1818; baseline 0.002 -16"><span class='ocrx_word' id='word_1_122' title='bbox 150 1763 247 1818; x_wconf 82' lang='lat' dir='ltr'><strong>nem,</strong></span> <span class='ocrx_word' id='word_1_123' title='bbox 270 1741 322 1802; x_wconf 88' lang='lat' dir='ltr'><strong>sed</strong></span> <span class='ocrx_word' id='word_1_124' title='bbox 345 1738 435 1803; x_wconf 87' lang='lat' dir='ltr'><strong>etiam</strong></span> <span class='ocrx_word' id='word_1_125' title='bbox 458 1739 637 1805; x_wconf 77' lang='lat' dir='ltr'><strong>familiarem</strong></span> <span class='ocrx_word' id='word_1_126' title='bbox 660 1740 814 1802; x_wconf 85' lang='lat' dir='ltr'><strong>homiuem</strong></span> <span class='ocrx_word' id='word_1_127' title='bbox 836 1743 1000 1805; x_wconf 84' lang='lat' dir='ltr'><strong>occidere?</strong></span> <span class='ocrx_word' id='word_1_128' title='bbox 1034 1762 1038 1767; x_wconf 75' lang='grc'><strong>“</strong></span> 
     </span>
     <span class='ocr_line' id='line_1_19' title="bbox 148 1823 1002 1912; baseline 0.002 -25"><span class='ocrx_word' id='word_1_129' title='bbox 148 1824 228 1887; x_wconf 82' lang='lat' dir='ltr'><strong>llu&#39;rn</strong></span> <span class='ocrx_word' id='word_1_130' title='bbox 252 1823 342 1908; x_wconf 82' lang='lat' dir='ltr'><strong>igitur</strong></span> <span class='ocrx_word' id='word_1_131' title='bbox 363 1847 393 1885; x_wconf 88' lang='lat' dir='ltr'><strong>se</strong></span> <span class='ocrx_word' id='word_1_132' title='bbox 405 1823 568 1888; x_wconf 81' lang='lat' dir='ltr'><strong>adstrinxit</strong></span> <span class='ocrx_word' id='word_1_133' title='bbox 588 1825 714 1902; x_wconf 85' lang='lat' dir='ltr'><strong>scelere,</strong></span> <span class='ocrx_word' id='word_1_134' title='bbox 731 1826 756 1884; x_wconf 91' lang='lat' dir='ltr'><strong>si</strong></span> <span class='ocrx_word' id='word_1_135' title='bbox 769 1826 823 1910; x_wconf 90' lang='lat' dir='ltr'><strong>qui</strong></span> <span class='ocrx_word' id='word_1_136' title='bbox 843 1839 1002 1912; x_wconf 78' lang='lat' dir='ltr'><strong>tyrannum</strong></span> 
     </span>
     <span class='ocr_line' id='line_1_20' title="bbox 149 1909 1003 1995; baseline 0.004 -25"><span class='ocrx_word' id='word_1_137' title='bbox 149 1909 281 1986; x_wconf 81' lang='lat' dir='ltr'><strong>occidit,</strong></span> <span class='ocrx_word' id='word_1_138' title='bbox 313 1909 449 1992; x_wconf 81' lang='lat' dir='ltr'><strong>quamvis</strong></span> <span class='ocrx_word' id='word_1_139' title='bbox 487 1910 693 1971; x_wconf 78' lang='lat' dir='ltr'><strong>familiarem?</strong></span> <span class='ocrx_word' id='word_1_140' title='bbox 722 1909 842 1994; x_wconf 84' lang='lat' dir='ltr'><strong>Populo</strong></span> <span class='ocrx_word' id='word_1_141' title='bbox 879 1912 1003 1995; x_wconf 88' lang='lat' dir='ltr'><strong>quidem</strong></span> 
     </span>
     <span class='ocr_line' id='line_1_21' title="bbox 149 1992 1003 2079; baseline 0.005 -24"><span class='ocrx_word' id='word_1_142' title='bbox 149 1994 290 2055; x_wconf 85' lang='lat' dir='ltr'><strong>Romano</strong></span> <span class='ocrx_word' id='word_1_143' title='bbox 312 2016 373 2054; x_wconf 90' lang='lat' dir='ltr'><strong>non</strong></span> <span class='ocrx_word' id='word_1_144' title='bbox 398 1992 540 2069; x_wconf 75' lang='lat' dir='ltr'><strong>ridetur,</strong></span> <span class='ocrx_word' id='word_1_145' title='bbox 556 1994 609 2076; x_wconf 83' lang='lat' dir='ltr'><strong>qui</strong></span> <span class='ocrx_word' id='word_1_146' title='bbox 631 2017 669 2054; x_wconf 79' lang='lat' dir='ltr'><strong>ex</strong></span> <span class='ocrx_word' id='word_1_147' title='bbox 683 1995 824 2056; x_wconf 81' lang='lat' dir='ltr'><strong>omnibus</strong></span> <span class='ocrx_word' id='word_1_148' title='bbox 839 1997 1003 2079; x_wconf 81' lang='lat' dir='ltr'><strong>praeclaris</strong></span> 
     </span>
     <span class='ocr_line' id='line_1_22' title="bbox 71 2074 1003 2165; baseline 0.006 -27"><span class='ocrx_word' id='word_1_149' title='bbox 71 2074 90 2097; x_wconf 82' lang='lat'><em>&#39;</em></span> <span class='ocrx_word' id='word_1_150' title='bbox 113 2076 124 2096; x_wconf 82' lang='grc'><strong><em>’</em></strong></span> <span class='ocrx_word' id='word_1_151' title='bbox 149 2077 235 2140; x_wconf 82' lang='lat' dir='ltr'><strong>iactis</strong></span> <span class='ocrx_word' id='word_1_152' title='bbox 262 2079 337 2140; x_wconf 90' lang='lat' dir='ltr'><strong>illud</strong></span> <span class='ocrx_word' id='word_1_153' title='bbox 367 2077 604 2162; x_wconf 84' lang='lat' dir='ltr'><strong>pulcherrimum</strong></span> <span class='ocrx_word' id='word_1_154' title='bbox 625 2078 784 2144; x_wconf 76' lang='lat' dir='ltr'><strong>existimat.</strong></span> <span class='ocrx_word' id='word_1_155' title='bbox 817 2080 894 2147; x_wconf 62' lang='lat' dir='ltr'><strong>victe</strong></span> <span class='ocrx_word' id='word_1_156' title='bbox 930 2104 1003 2165; x_wconf 80' lang='lat' dir='ltr'><strong>ergo</strong></span> 
     </span>
     <span class='ocr_line' id='line_1_23' title="bbox 149 2163 1002 2235; baseline 0.009 -11"><span class='ocrx_word' id='word_1_157' title='bbox 149 2164 265 2225; x_wconf 84' lang='lat' dir='ltr'><strong>utilitas</strong></span> <span class='ocrx_word' id='word_1_158' title='bbox 287 2163 475 2235; x_wconf 81' lang='lat' dir='ltr'><strong>honestatem</strong></span> <span class='ocrx_word' id='word_1_159' title='bbox 490 2163 506 2227; x_wconf 79' lang='lat' dir='ltr'><strong>l</strong></span> <span class='ocrx_word' id='word_1_160' title='bbox 520 2164 586 2226; x_wconf 90' lang='lat' dir='ltr'><strong>Imo</strong></span> <span class='ocrx_word' id='word_1_161' title='bbox 609 2186 678 2226; x_wconf 83' lang='lat' dir='ltr'><strong>vero</strong></span> <span class='ocrx_word' id='word_1_162' title='bbox 690 2163 828 2228; x_wconf 79' lang='lat' dir='ltr'><strong>honestas</strong></span> <span class='ocrx_word' id='word_1_163' title='bbox 841 2167 1002 2232; x_wconf 79' lang='lat' dir='ltr'><strong>utilitatem</strong></span> 
     </span>
     <span class='ocr_line' id='line_1_24' title="bbox 150 2261 326 2311; baseline -0.017 0"><span class='ocrx_word' id='word_1_164' title='bbox 150 2262 252 2311; x_wconf 82' lang='lat' dir='ltr'><strong>secuta</strong></span> <span class='ocrx_word' id='word_1_165' title='bbox 273 2261 326 2309; x_wconf 85' lang='lat' dir='ltr'><strong>est.</strong></span> 
     </span>
    </p>
   </div>
   <div class='ocr_carea' id='block_1_4' title="bbox 65 2430 996 2679">
    <p class='ocr_par' dir='ltr' id='par_1_4' title="bbox 65 2430 996 2679">
     <span class='ocr_line' id='line_1_25' title="bbox 65 2430 561 2547; baseline -0.008 -27"><span class='ocrx_word' id='word_1_166' title='bbox 65 2430 69 2433; x_wconf 19' lang='grc' dir='ltr'>Π</span> <span class='ocrx_word' id='word_1_167' title='bbox 151 2484 170 2519; x_wconf 72' lang='lat' dir='ltr'><strong>a</strong></span> <span class='ocrx_word' id='word_1_168' title='bbox 186 2465 270 2519; x_wconf 82' lang='lat' dir='ltr'><strong>lllndo</strong></span> <span class='ocrx_word' id='word_1_169' title='bbox 285 2482 337 2547; x_wconf 70' lang='lat' dir='ltr'><strong>pro</strong></span> <span class='ocrx_word' id='word_1_170' title='bbox 353 2465 501 2519; x_wconf 75' lang='lat' dir='ltr'><strong>dumtaxat</strong></span> <span class='ocrx_word' id='word_1_171' title='bbox 555 2530 561 2544; x_wconf 31' lang='lat'><strong><em>⁹</em></strong></span> 
     </span>
     <span class='ocr_line' id='line_1_26' title="bbox 152 2533 996 2604; baseline 0.009 -18"><span class='ocrx_word' id='word_1_172' title='bbox 152 2533 226 2588; x_wconf 65' lang='lat' dir='ltr'><strong>&amp;Ex</strong></span> <span class='ocrx_word' id='word_1_173' title='bbox 245 2543 317 2598; x_wconf 69' lang='lat' dir='ltr'><strong>onst,</strong></span> <span class='ocrx_word' id='word_1_174' title='bbox 336 2550 416 2602; x_wconf 86' lang='lat' dir='ltr'><strong>quern</strong></span> <span class='ocrx_word' id='word_1_175' title='bbox 432 2533 530 2584; x_wconf 80' lang='lat' dir='ltr'><strong>hebeat</strong></span> <span class='ocrx_word' id='word_1_176' title='bbox 552 2533 740 2601; x_wconf 76' lang='lat' dir='ltr'><strong>intellectum,</strong></span> <span class='ocrx_word' id='word_1_177' title='bbox 764 2553 849 2604; x_wconf 86' lang='lat' dir='ltr'><strong>quum</strong></span> <span class='ocrx_word' id='word_1_178' title='bbox 871 2537 996 2593; x_wconf 70' lang='lat' dir='ltr'><strong>honour</strong></span> 
     </span>
     <span class='ocr_line' id='line_1_27' title="bbox 218 2553 708 2679; baseline -0.01 -22"><span class='ocrx_word' id='word_1_179' title='bbox 218 2553 322 2657; x_wconf 81' lang='lat' dir='ltr'><strong>dieitur</strong></span> <span class='ocrx_word' id='word_1_180' title='bbox 338 2618 401 2655; x_wconf 84' lang='lat' dir='ltr'><strong>curn</strong></span> <span class='ocrx_word' id='word_1_181' title='bbox 418 2600 534 2657; x_wconf 70' lang='lat' dir='ltr'><strong>utiliore</strong></span> <span class='ocrx_word' id='word_1_182' title='bbox 551 2616 708 2679; x_wconf 69' lang='lat' dir='ltr'><strong>repugnare.</strong></span> 
     </span>
    </p>
   </div>
   <div class='ocr_carea' id='block_1_5' title="bbox 0 0 1184 3567">
    <p class='ocr_par' dir='ltr' id='par_1_5' title="bbox 0 0 1184 3567">
     <span class='ocr_line' id='line_1_28' title="bbox 0 0 1184 3567; baseline 0 0"><span class='ocrx_word' id='word_1_183' title='bbox 0 0 1184 3567; x_wconf 95' lang='lat' dir='ltr'><strong> </strong></span> 
     </span>
    </p>
   </div>
  </div>
 </body>
</html>
